time,exec_order_id,product_id,order_type,pricing_side,price,direction,visible_quantity,hidden_quantity,parent_order_id,is_child_order
2022-Dec-18 08:09:29.860,VP52M8OQZ1,91282CFX4,IOC,OFFER,98.996094,1000000,0,N/A,0
2022-Dec-18 08:09:30.169,0HOQRB7PGS,91282CFX4,IOC,BID,99.027344,1000000,0,N/A,0
2022-Dec-18 08:09:30.476,F19T4XFI87,91282CFX4,IOC,OFFER,99.042969,1000000,0,N/A,0
2022-Dec-18 08:09:30.796,P2WJQ9J1RL,91282CFX4,IOC,BID,99.074219,1000000,0,N/A,0
2022-Dec-18 08:09:31.117,JK10TTKV6D,91282CFX4,IOC,OFFER,99.089844,1000000,0,N/A,0
2022-Dec-18 08:09:31.439,HTGSSEC8UV,91282CFX4,IOC,BID,99.121094,1000000,0,N/A,0
2022-Dec-18 08:09:31.759,YY98H190OP,91282CFX4,IOC,OFFER,99.136719,1000000,0,N/A,0
2022-Dec-18 08:09:32.074,MP7PXMN05T,91282CFX4,IOC,BID,99.167969,1000000,0,N/A,0
2022-Dec-18 08:09:32.392,FY9DTNX8R6,91282CFX4,IOC,OFFER,99.183594,1000000,0,N/A,0
2022-Dec-18 08:09:32.710,CZ5YOQGX20,91282CFX4,IOC,BID,99.214844,1000000,0,N/A,0
2022-Dec-18 08:09:33.031,L9BWTQ19UC,91282CFX4,IOC,OFFER,99.230469,1000000,0,N/A,0
2022-Dec-18 08:09:33.349,5B5F3EY788,91282CFX4,IOC,BID,99.261719,1000000,0,N/A,0
2022-Dec-18 08:09:33.665,016S705YA6,91282CFX4,IOC,OFFER,99.277344,1000000,0,N/A,0
2022-Dec-18 08:09:33.984,YPMSJ9RGFT,91282CFX4,IOC,BID,99.308594,1000000,0,N/A,0
2022-Dec-18 08:09:34.299,QFEXS2WVZY,91282CFX4,IOC,OFFER,99.324219,1000000,0,N/A,0
2022-Dec-18 08:09:34.618,8AF3UBPW16,91282CFX4,IOC,BID,99.355469,1000000,0,N/A,0
2022-Dec-18 08:09:34.933,R2TQIAOKYY,91282CFX4,IOC,OFFER,99.371094,1000000,0,N/A,0
2022-Dec-18 08:09:35.251,Q67ISYQR7F,91282CFX4,IOC,BID,99.402344,1000000,0,N/A,0
2022-Dec-18 08:09:35.565,D18RB9SDVG,91282CFX4,IOC,OFFER,99.417969,1000000,0,N/A,0
2022-Dec-18 08:09:35.883,WKJ3X2YNFC,91282CFX4,IOC,BID,99.449219,1000000,0,N/A,0
2022-Dec-18 08:09:36.203,C7QKOR7551,91282CFX4,IOC,OFFER,99.464844,1000000,0,N/A,0
2022-Dec-18 08:09:36.526,LVHQQ30PP9,91282CFX4,IOC,BID,99.496094,1000000,0,N/A,0
2022-Dec-18 08:09:36.842,VKN03JMRCP,91282CFX4,IOC,OFFER,99.511719,1000000,0,N/A,0
2022-Dec-18 08:09:37.162,48E4ZXJR1H,91282CFX4,IOC,BID,99.542969,1000000,0,N/A,0
2022-Dec-18 08:09:37.475,WJ3URAW49F,91282CFX4,IOC,OFFER,99.558594,1000000,0,N/A,0
2022-Dec-18 08:09:37.787,OEO5R9RN3A,91282CFX4,IOC,BID,99.589844,1000000,0,N/A,0
2022-Dec-18 08:09:38.108,NVTCPVASXL,91282CFX4,IOC,OFFER,99.605469,1000000,0,N/A,0
2022-Dec-18 08:09:38.430,LL8WWXCOQ6,91282CFX4,IOC,BID,99.636719,1000000,0,N/A,0
2022-Dec-18 08:09:38.747,G8MXW549EZ,91282CFX4,IOC,OFFER,99.652344,1000000,0,N/A,0
2022-Dec-18 08:09:39.067,LDLVNRT2X0,91282CFX4,IOC,BID,99.683594,1000000,0,N/A,0
2022-Dec-18 08:09:39.387,H4YQOC29G2,91282CFX4,IOC,OFFER,99.699219,1000000,0,N/A,0
2022-Dec-18 08:09:39.708,FXTW2U5JEI,91282CFX4,IOC,BID,99.730469,1000000,0,N/A,0
2022-Dec-18 08:09:40.019,F9TZ4AD5RW,91282CFX4,IOC,OFFER,99.746094,1000000,0,N/A,0
2022-Dec-18 08:09:40.338,XL9SICA8V3,91282CFX4,IOC,BID,99.777344,1000000,0,N/A,0
2022-Dec-18 08:09:40.650,KMRU72OMJ9,91282CFX4,IOC,OFFER,99.792969,1000000,0,N/A,0
2022-Dec-18 08:09:40.969,T2HKIYL99V,91282CFX4,IOC,BID,99.824219,1000000,0,N/A,0
2022-Dec-18 08:09:41.292,N6PJ7335FR,91282CFX4,IOC,OFFER,99.839844,1000000,0,N/A,0
2022-Dec-18 08:09:41.607,9R0127I2WO,91282CFX4,IOC,BID,99.871094,1000000,0,N/A,0
2022-Dec-18 08:09:41.926,9VXGUFGVWG,91282CFX4,IOC,OFFER,99.886719,1000000,0,N/A,0
2022-Dec-18 08:09:42.243,L2NKAMWV8Y,91282CFX4,IOC,BID,99.917969,1000000,0,N/A,0
2022-Dec-18 08:09:42.570,1AHZIJJYOV,91282CFX4,IOC,OFFER,99.933594,1000000,0,N/A,0
2022-Dec-18 08:09:42.891,E7LEUB6P80,91282CFX4,IOC,BID,99.964844,1000000,0,N/A,0
2022-Dec-18 08:09:43.203,CQCFO8QF8N,91282CFX4,IOC,OFFER,99.980469,1000000,0,N/A,0
2022-Dec-18 08:09:43.524,3LHCMQ5LWT,91282CFX4,IOC,BID,100.011719,1000000,0,N/A,0
2022-Dec-18 08:09:43.843,W34T4UORD7,91282CFX4,IOC,OFFER,100.027344,1000000,0,N/A,0
2022-Dec-18 08:09:44.161,U6EH95KENW,91282CFX4,IOC,BID,100.058594,1000000,0,N/A,0
2022-Dec-18 08:09:44.481,ZLEWZRBFQH,91282CFX4,IOC,OFFER,100.074219,1000000,0,N/A,0
2022-Dec-18 08:09:44.797,TXKEFMTH87,91282CFX4,IOC,BID,100.105469,1000000,0,N/A,0
2022-Dec-18 08:09:45.118,NM11DHY84K,91282CFX4,IOC,OFFER,100.121094,1000000,0,N/A,0
2022-Dec-18 08:09:45.427,6SCOGZOJEX,91282CFX4,IOC,BID,100.152344,1000000,0,N/A,0
2022-Dec-18 08:09:45.743,RWNV435XC4,91282CFX4,IOC,OFFER,100.167969,1000000,0,N/A,0
2022-Dec-18 08:09:46.064,E9NA7BMD77,91282CFX4,IOC,BID,100.199219,1000000,0,N/A,0
2022-Dec-18 08:09:46.379,ZZA8EV05PD,91282CFX4,IOC,OFFER,100.214844,1000000,0,N/A,0
2022-Dec-18 08:09:46.696,7OOSXZM45L,91282CFX4,IOC,BID,100.246094,1000000,0,N/A,0
2022-Dec-18 08:09:47.007,D0F1T3C85S,91282CFX4,IOC,OFFER,100.261719,1000000,0,N/A,0
2022-Dec-18 08:09:47.324,N9KMCMFKS3,91282CFX4,IOC,BID,100.292969,1000000,0,N/A,0
2022-Dec-18 08:09:47.641,U2FWAMYDZX,91282CFX4,IOC,OFFER,100.308594,1000000,0,N/A,0
2022-Dec-18 08:09:47.957,QM96GHIBOA,91282CFX4,IOC,BID,100.339844,1000000,0,N/A,0
2022-Dec-18 08:09:48.270,4833W970CG,91282CFX4,IOC,OFFER,100.355469,1000000,0,N/A,0
2022-Dec-18 08:09:48.582,DFPI3KQRH7,91282CFX4,IOC,BID,100.386719,1000000,0,N/A,0
2022-Dec-18 08:09:48.906,3FLJ9GVXH5,91282CFX4,IOC,OFFER,100.402344,1000000,0,N/A,0
2022-Dec-18 08:09:49.218,AHCXQPEEZ2,91282CFX4,IOC,BID,100.433594,1000000,0,N/A,0
2022-Dec-18 08:09:49.534,KPBGBGJR3F,91282CFX4,IOC,OFFER,100.449219,1000000,0,N/A,0
2022-Dec-18 08:09:49.846,KWLKUFJBHO,91282CFX4,IOC,BID,100.480469,1000000,0,N/A,0
2022-Dec-18 08:09:50.166,XPZNRAYZ83,91282CFX4,IOC,OFFER,100.496094,1000000,0,N/A,0
2022-Dec-18 08:09:50.482,B1BBKD5MIE,91282CFX4,IOC,BID,100.527344,1000000,0,N/A,0
2022-Dec-18 08:09:50.799,JKCPY5PS5D,91282CFX4,IOC,OFFER,100.542969,1000000,0,N/A,0
2022-Dec-18 08:09:51.119,JUV9OKY5F8,91282CFX4,IOC,BID,100.574219,1000000,0,N/A,0
2022-Dec-18 08:09:51.425,B598YL18JY,91282CFX4,IOC,OFFER,100.589844,1000000,0,N/A,0
2022-Dec-18 08:09:51.740,U7PCPZK4JE,91282CFX4,IOC,BID,100.621094,1000000,0,N/A,0
2022-Dec-18 08:09:52.057,WGYNZQVMZP,91282CFX4,IOC,OFFER,100.636719,1000000,0,N/A,0
2022-Dec-18 08:09:52.377,ROY3QYRH13,91282CFX4,IOC,BID,100.667969,1000000,0,N/A,0
2022-Dec-18 08:09:52.693,BVSKJVBQ4Z,91282CFX4,IOC,OFFER,100.683594,1000000,0,N/A,0
2022-Dec-18 08:09:53.015,H949INO5FE,91282CFX4,IOC,BID,100.714844,1000000,0,N/A,0
2022-Dec-18 08:09:53.335,NSIVUMGQGX,91282CFX4,IOC,OFFER,100.730469,1000000,0,N/A,0
2022-Dec-18 08:09:53.650,9JFW5MTDT2,91282CFX4,IOC,BID,100.761719,1000000,0,N/A,0
2022-Dec-18 08:09:53.973,SC2JR9EEV6,91282CFX4,IOC,OFFER,100.777344,1000000,0,N/A,0
2022-Dec-18 08:09:54.295,9TW0Z8J8A4,91282CFX4,IOC,BID,100.808594,1000000,0,N/A,0
2022-Dec-18 08:09:54.619,OYS6IHZL35,91282CFX4,IOC,OFFER,100.824219,1000000,0,N/A,0
2022-Dec-18 08:09:54.941,9TXQCLDPT8,91282CFX4,IOC,BID,100.855469,1000000,0,N/A,0
2022-Dec-18 08:09:55.256,R9ZEO9AYRV,91282CFX4,IOC,OFFER,100.871094,1000000,0,N/A,0
2022-Dec-18 08:09:55.575,XUN3WQFIW4,91282CFX4,IOC,BID,100.902344,1000000,0,N/A,0
2022-Dec-18 08:09:55.895,GA84IC9RSZ,91282CFX4,IOC,OFFER,100.917969,1000000,0,N/A,0
2022-Dec-18 08:09:56.214,LMS3KNPR19,91282CFX4,IOC,BID,100.949219,1000000,0,N/A,0
2022-Dec-18 08:09:56.537,RFKCVEYS1U,91282CFX4,IOC,OFFER,100.964844,1000000,0,N/A,0
2022-Dec-18 08:09:56.861,UMS0PBOWOR,91282CFX4,IOC,BID,100.996094,1000000,0,N/A,0
2022-Dec-18 08:09:57.167,I7J905CCSU,91282CFX4,IOC,OFFER,100.980469,1000000,0,N/A,0
2022-Dec-18 08:09:57.478,PFYUPQ5APY,91282CFX4,IOC,BID,100.964844,1000000,0,N/A,0
2022-Dec-18 08:09:57.802,E3FFHAF1VQ,91282CFX4,IOC,OFFER,100.933594,1000000,0,N/A,0
2022-Dec-18 08:09:58.122,B3VQX3AKPD,91282CFX4,IOC,BID,100.917969,1000000,0,N/A,0
2022-Dec-18 08:09:58.441,QK6VKN0NES,91282CFX4,IOC,OFFER,100.886719,1000000,0,N/A,0
2022-Dec-18 08:09:58.756,Y75IVE9XQC,91282CFX4,IOC,BID,100.871094,1000000,0,N/A,0
2022-Dec-18 08:09:59.072,206R0NE7GF,91282CFX4,IOC,OFFER,100.839844,1000000,0,N/A,0
2022-Dec-18 08:09:59.386,OO0SEYJSBM,91282CFX4,IOC,BID,100.824219,1000000,0,N/A,0
2022-Dec-18 08:09:59.698,ZN0BQGHKCR,91282CFX4,IOC,OFFER,100.792969,1000000,0,N/A,0
2022-Dec-18 08:10:00.019,3BBW5V5N44,91282CFX4,IOC,BID,100.777344,1000000,0,N/A,0
2022-Dec-18 08:10:00.331,0UJAKDRABS,91282CFX4,IOC,OFFER,100.746094,1000000,0,N/A,0
2022-Dec-18 08:10:00.653,RHYNAHV1TZ,91282CFX4,IOC,BID,100.730469,1000000,0,N/A,0
2022-Dec-18 08:10:00.969,GMR7KGA239,91282CFX4,IOC,OFFER,100.699219,1000000,0,N/A,0
2022-Dec-18 08:10:01.281,16QJGN41RA,91282CFX4,IOC,BID,100.683594,1000000,0,N/A,0
2022-Dec-18 08:10:01.599,LL06W3IGIA,91282CFX4,IOC,OFFER,100.652344,1000000,0,N/A,0
2022-Dec-18 08:10:01.919,ON9ZW0JDL2,91282CFX4,IOC,BID,100.636719,1000000,0,N/A,0
2022-Dec-18 08:10:02.238,18UBS08SN9,91282CFX4,IOC,OFFER,100.605469,1000000,0,N/A,0
2022-Dec-18 08:10:02.555,SZASRGEO40,91282CFX4,IOC,BID,100.589844,1000000,0,N/A,0
2022-Dec-18 08:10:02.864,8QK9XJ7V6N,91282CFX4,IOC,OFFER,100.558594,1000000,0,N/A,0
2022-Dec-18 08:10:03.186,5IOI09YSF0,91282CFX4,IOC,BID,100.542969,1000000,0,N/A,0
2022-Dec-18 08:10:03.502,TZXY0BPRIF,91282CFX4,IOC,OFFER,100.511719,1000000,0,N/A,0
2022-Dec-18 08:10:03.818,NQDYA6K8CX,91282CFX4,IOC,BID,100.496094,1000000,0,N/A,0
2022-Dec-18 08:10:04.140,70Q5TI96YC,91282CFX4,IOC,OFFER,100.464844,1000000,0,N/A,0
2022-Dec-18 08:10:04.464,HS69UW72NP,91282CFX4,IOC,BID,100.449219,1000000,0,N/A,0
2022-Dec-18 08:10:04.785,XG2C31JSHW,91282CFX4,IOC,OFFER,100.417969,1000000,0,N/A,0
2022-Dec-18 08:10:05.105,CASO7URCZN,91282CFX4,IOC,BID,100.402344,1000000,0,N/A,0
2022-Dec-18 08:10:05.422,0HJ5YX89SX,91282CFX4,IOC,OFFER,100.371094,1000000,0,N/A,0
2022-Dec-18 08:10:05.738,L9F37AAO6H,91282CFX4,IOC,BID,100.355469,1000000,0,N/A,0
2022-Dec-18 08:10:06.057,7QS5A88MLW,91282CFX4,IOC,OFFER,100.324219,1000000,0,N/A,0
2022-Dec-18 08:10:06.376,WSFMGZU9WF,91282CFX4,IOC,BID,100.308594,1000000,0,N/A,0
2022-Dec-18 08:10:06.695,GC8ME09S4J,91282CFX4,IOC,OFFER,100.277344,1000000,0,N/A,0
2022-Dec-18 08:10:07.009,SBVOPXP2D5,91282CFX4,IOC,BID,100.261719,1000000,0,N/A,0
2022-Dec-18 08:10:07.322,JX7ASGEY2J,91282CFX4,IOC,OFFER,100.230469,1000000,0,N/A,0
2022-Dec-18 08:10:07.637,TAT1K0F7QN,91282CFX4,IOC,BID,100.214844,1000000,0,N/A,0
2022-Dec-18 08:10:07.957,POSLE7BL1W,91282CFX4,IOC,OFFER,100.183594,1000000,0,N/A,0
2022-Dec-18 08:10:08.273,CRWNERZ4R2,91282CFX4,IOC,BID,100.167969,1000000,0,N/A,0
2022-Dec-18 08:10:08.588,XJ159HK91M,91282CFX4,IOC,OFFER,100.136719,1000000,0,N/A,0
2022-Dec-18 08:10:08.905,7FWOVYGBDW,91282CFX4,IOC,BID,100.121094,1000000,0,N/A,0
2022-Dec-18 08:10:09.220,38TI6I8XMP,91282CFX4,IOC,OFFER,100.089844,1000000,0,N/A,0
2022-Dec-18 08:10:09.536,4VFV1GKQXR,91282CFX4,IOC,BID,100.074219,1000000,0,N/A,0
2022-Dec-18 08:10:09.854,AK9IKEZRT0,91282CFX4,IOC,OFFER,100.042969,1000000,0,N/A,0
2022-Dec-18 08:10:10.168,WWF45KA3VY,91282CFX4,IOC,BID,100.027344,1000000,0,N/A,0
2022-Dec-18 08:10:10.488,8GPNEXMDYS,91282CFX4,IOC,OFFER,99.996094,1000000,0,N/A,0
2022-Dec-18 08:10:10.806,FJE8SJNJLC,91282CFX4,IOC,BID,99.980469,1000000,0,N/A,0
2022-Dec-18 08:10:11.124,5AP7FRKYWJ,91282CFX4,IOC,OFFER,99.949219,1000000,0,N/A,0
2022-Dec-18 08:10:11.442,BNWC2UYUXX,91282CFX4,IOC,BID,99.933594,1000000,0,N/A,0
2022-Dec-18 08:10:11.761,BRFVVPAMZ7,91282CFX4,IOC,OFFER,99.902344,1000000,0,N/A,0
2022-Dec-18 08:10:12.075,0J0FKDEH43,91282CFX4,IOC,BID,99.886719,1000000,0,N/A,0
2022-Dec-18 08:10:12.389,QEJ9YMLU8P,91282CFX4,IOC,OFFER,99.855469,1000000,0,N/A,0
2022-Dec-18 08:10:12.712,13Q4GOBMHK,91282CFX4,IOC,BID,99.839844,1000000,0,N/A,0
2022-Dec-18 08:10:13.025,1748OYGFNA,91282CFX4,IOC,OFFER,99.808594,1000000,0,N/A,0
2022-Dec-18 08:10:13.339,CVLOAXEDTQ,91282CFX4,IOC,BID,99.792969,1000000,0,N/A,0
2022-Dec-18 08:10:13.661,797VXEMY6V,91282CFX4,IOC,OFFER,99.761719,1000000,0,N/A,0
2022-Dec-18 08:10:13.978,2VD2CVY238,91282CFX4,IOC,BID,99.746094,1000000,0,N/A,0
2022-Dec-18 08:10:14.296,K48J43HSEG,91282CFX4,IOC,OFFER,99.714844,1000000,0,N/A,0
2022-Dec-18 08:10:14.620,VL1IZ2LE42,91282CFX4,IOC,BID,99.699219,1000000,0,N/A,0
2022-Dec-18 08:10:14.940,YHH7KVMHN1,91282CFX4,IOC,OFFER,99.667969,1000000,0,N/A,0
2022-Dec-18 08:10:15.261,OTO7NKTF8V,91282CFX4,IOC,BID,99.652344,1000000,0,N/A,0
2022-Dec-18 08:10:15.579,7TKM0JRMY3,91282CFX4,IOC,OFFER,99.621094,1000000,0,N/A,0
2022-Dec-18 08:10:15.896,TN976HWVY2,91282CFX4,IOC,BID,99.605469,1000000,0,N/A,0
2022-Dec-18 08:10:16.213,JQWL0E3D0B,91282CFX4,IOC,OFFER,99.574219,1000000,0,N/A,0
2022-Dec-18 08:10:16.532,AB4UW472JI,91282CFX4,IOC,BID,99.558594,1000000,0,N/A,0
2022-Dec-18 08:10:16.854,SO191J52GH,91282CFX4,IOC,OFFER,99.527344,1000000,0,N/A,0
2022-Dec-18 08:10:17.174,NRRUJO7H2Y,91282CFX4,IOC,BID,99.511719,1000000,0,N/A,0
2022-Dec-18 08:10:17.496,8XPQH421YL,91282CFX4,IOC,OFFER,99.480469,1000000,0,N/A,0
2022-Dec-18 08:10:17.820,0KQX5XYPK8,91282CFX4,IOC,BID,99.464844,1000000,0,N/A,0
2022-Dec-18 08:10:18.135,NPYO3JO3QD,91282CFX4,IOC,OFFER,99.433594,1000000,0,N/A,0
2022-Dec-18 08:10:18.450,LHRE85VA80,91282CFX4,IOC,BID,99.417969,1000000,0,N/A,0
2022-Dec-18 08:10:18.774,XF4O37DIGB,91282CFX4,IOC,OFFER,99.386719,1000000,0,N/A,0
2022-Dec-18 08:10:19.098,W98DYPZ4M2,91282CFX4,IOC,BID,99.371094,1000000,0,N/A,0
2022-Dec-18 08:10:19.421,O7F6R2V8L0,91282CFX4,IOC,OFFER,99.339844,1000000,0,N/A,0
2022-Dec-18 08:10:19.741,IPBDMF6ZZY,91282CFX4,IOC,BID,99.324219,1000000,0,N/A,0
2022-Dec-18 08:10:20.057,MXEISN3DPM,91282CFX4,IOC,OFFER,99.292969,1000000,0,N/A,0
2022-Dec-18 08:10:20.378,3LA9D7KKTU,91282CFX4,IOC,BID,99.277344,1000000,0,N/A,0
2022-Dec-18 08:10:20.703,BJ51YOCAMF,91282CFX4,IOC,OFFER,99.246094,1000000,0,N/A,0
2022-Dec-18 08:10:21.024,3ZKMADATJQ,91282CFX4,IOC,BID,99.230469,1000000,0,N/A,0
2022-Dec-18 08:10:21.341,YNEVB5MVTZ,91282CFX4,IOC,OFFER,99.199219,1000000,0,N/A,0
2022-Dec-18 08:10:21.660,STBYRKINB7,91282CFX4,IOC,BID,99.183594,1000000,0,N/A,0
2022-Dec-18 08:10:21.978,A11A8K37IT,91282CFX4,IOC,OFFER,99.152344,1000000,0,N/A,0
2022-Dec-18 08:10:22.294,6QTO7SM66U,91282CFX4,IOC,BID,99.136719,1000000,0,N/A,0
2022-Dec-18 08:10:22.616,I8711PYI49,91282CFX4,IOC,OFFER,99.105469,1000000,0,N/A,0
2022-Dec-18 08:10:22.928,B3QCD8TPJZ,91282CFW6,IOC,BID,99.089844,1000000,0,N/A,0
2022-Dec-18 08:10:23.250,QRZ5DL9THS,91282CFW6,IOC,OFFER,99.058594,1000000,0,N/A,0
2022-Dec-18 08:10:23.560,48V3WW72EX,91282CFW6,IOC,BID,99.042969,1000000,0,N/A,0
2022-Dec-18 08:10:23.862,VDHT3OB4WI,91282CFW6,IOC,OFFER,99.011719,1000000,0,N/A,0
2022-Dec-18 08:10:24.173,6JBV197XOW,91282CFW6,IOC,BID,99.011719,1000000,0,N/A,0
2022-Dec-18 08:10:24.477,4YBJX29FHK,91282CFW6,IOC,OFFER,99.027344,1000000,0,N/A,0
2022-Dec-18 08:10:24.782,HISUV4Q6VZ,91282CFW6,IOC,BID,99.058594,1000000,0,N/A,0
2022-Dec-18 08:10:25.093,SKXX1DROG4,91282CFW6,IOC,OFFER,99.074219,1000000,0,N/A,0
2022-Dec-18 08:10:25.407,N9QTTR9BMR,91282CFW6,IOC,BID,99.105469,1000000,0,N/A,0
2022-Dec-18 08:10:25.720,GTL7T6MQ9Q,91282CFW6,IOC,OFFER,99.121094,1000000,0,N/A,0
2022-Dec-18 08:10:26.035,ADR7VZZXUM,91282CFW6,IOC,BID,99.152344,1000000,0,N/A,0
2022-Dec-18 08:10:26.343,FYG3ZM1UGG,91282CFW6,IOC,OFFER,99.167969,1000000,0,N/A,0
2022-Dec-18 08:10:26.648,NTRW2QQZ2A,91282CFW6,IOC,BID,99.199219,1000000,0,N/A,0
2022-Dec-18 08:10:26.958,2APIWWVXIQ,91282CFW6,IOC,OFFER,99.214844,1000000,0,N/A,0
2022-Dec-18 08:10:27.269,S045W8WTPI,91282CFW6,IOC,BID,99.246094,1000000,0,N/A,0
2022-Dec-18 08:10:27.576,RTLZBX5JG2,91282CFW6,IOC,OFFER,99.261719,1000000,0,N/A,0
2022-Dec-18 08:10:27.890,5OFAGCA1HW,91282CFW6,IOC,BID,99.292969,1000000,0,N/A,0
2022-Dec-18 08:10:28.194,148WUS2V1M,91282CFW6,IOC,OFFER,99.308594,1000000,0,N/A,0
2022-Dec-18 08:10:28.509,DBVEHYE5LQ,91282CFW6,IOC,BID,99.339844,1000000,0,N/A,0
2022-Dec-18 08:10:28.819,8MAUNTTXJL,91282CFW6,IOC,OFFER,99.355469,1000000,0,N/A,0
2022-Dec-18 08:10:29.134,4MFPUNU2UE,91282CFW6,IOC,BID,99.386719,1000000,0,N/A,0
2022-Dec-18 08:10:29.440,ZJXDFQQSNR,91282CFW6,IOC,OFFER,99.402344,1000000,0,N/A,0
2022-Dec-18 08:10:29.758,BHEQY0GJ2W,91282CFW6,IOC,BID,99.433594,1000000,0,N/A,0
2022-Dec-18 08:10:30.064,XCBEO0R3LU,91282CFW6,IOC,OFFER,99.449219,1000000,0,N/A,0
2022-Dec-18 08:10:30.382,IIBUR8N4EW,91282CFW6,IOC,BID,99.480469,1000000,0,N/A,0
2022-Dec-18 08:10:30.695,P2IY11OK55,91282CFW6,IOC,OFFER,99.496094,1000000,0,N/A,0
2022-Dec-18 08:10:31.009,LCM0KRK8F0,91282CFW6,IOC,BID,99.527344,1000000,0,N/A,0
2022-Dec-18 08:10:31.330,9T5QD1B1VR,91282CFW6,IOC,OFFER,99.542969,1000000,0,N/A,0
2022-Dec-18 08:10:31.654,6W19FRXPL9,91282CFW6,IOC,BID,99.574219,1000000,0,N/A,0
2022-Dec-18 08:10:31.970,E8T7OFG3PU,91282CFW6,IOC,OFFER,99.589844,1000000,0,N/A,0
2022-Dec-18 08:10:32.284,OG9QQ11MF4,91282CFW6,IOC,BID,99.621094,1000000,0,N/A,0
2022-Dec-18 08:10:32.600,392VW8O7VH,91282CFW6,IOC,OFFER,99.636719,1000000,0,N/A,0
2022-Dec-18 08:10:32.921,ZZW0MLJ964,91282CFW6,IOC,BID,99.667969,1000000,0,N/A,0
2022-Dec-18 08:10:33.229,NFHMPCYUA4,91282CFW6,IOC,OFFER,99.683594,1000000,0,N/A,0
2022-Dec-18 08:10:33.543,ODM29NOM93,91282CFW6,IOC,BID,99.714844,1000000,0,N/A,0
2022-Dec-18 08:10:33.860,K6VIZJBRJQ,91282CFW6,IOC,OFFER,99.730469,1000000,0,N/A,0
2022-Dec-18 08:10:34.169,T3MGNWVWBO,91282CFW6,IOC,BID,99.761719,1000000,0,N/A,0
2022-Dec-18 08:10:34.481,1YFLFAM7O0,91282CFW6,IOC,OFFER,99.777344,1000000,0,N/A,0
2022-Dec-18 08:10:34.796,UX98S2DFNA,91282CFW6,IOC,BID,99.808594,1000000,0,N/A,0
2022-Dec-18 08:10:35.113,SJBKOBPP1F,91282CFW6,IOC,OFFER,99.824219,1000000,0,N/A,0
2022-Dec-18 08:10:35.426,UP7J4G4DC8,91282CFW6,IOC,BID,99.855469,1000000,0,N/A,0
2022-Dec-18 08:10:35.743,9PXZOME3UH,91282CFW6,IOC,OFFER,99.871094,1000000,0,N/A,0
2022-Dec-18 08:10:36.061,QPHH61ZLQO,91282CFW6,IOC,BID,99.902344,1000000,0,N/A,0
2022-Dec-18 08:10:36.375,009TNTRM0X,91282CFW6,IOC,OFFER,99.917969,1000000,0,N/A,0
2022-Dec-18 08:10:36.693,CM70BZF2L7,91282CFW6,IOC,BID,99.949219,1000000,0,N/A,0
2022-Dec-18 08:10:37.009,6J8TP0ULCQ,91282CFW6,IOC,OFFER,99.964844,1000000,0,N/A,0
2022-Dec-18 08:10:37.319,V9MEX17CPM,91282CFW6,IOC,BID,99.996094,1000000,0,N/A,0
2022-Dec-18 08:10:37.638,D6MU8EZU8J,91282CFW6,IOC,OFFER,100.011719,1000000,0,N/A,0
2022-Dec-18 08:10:37.959,8XFJWXOQYB,91282CFW6,IOC,BID,100.042969,1000000,0,N/A,0
2022-Dec-18 08:10:38.277,KATK3UBAZN,91282CFW6,IOC,OFFER,100.058594,1000000,0,N/A,0
2022-Dec-18 08:10:38.602,MEZ9ZV6ZOK,91282CFW6,IOC,BID,100.089844,1000000,0,N/A,0
2022-Dec-18 08:10:38.914,GNTWHKLCOD,91282CFW6,IOC,OFFER,100.105469,1000000,0,N/A,0
2022-Dec-18 08:10:39.226,5NA26E0FLD,91282CFW6,IOC,BID,100.136719,1000000,0,N/A,0
2022-Dec-18 08:10:39.548,WNK6S9XDNO,91282CFW6,IOC,OFFER,100.152344,1000000,0,N/A,0
2022-Dec-18 08:10:39.861,AI5F3I2SFV,91282CFW6,IOC,BID,100.183594,1000000,0,N/A,0
2022-Dec-18 08:10:40.168,QZXNO89YV5,91282CFW6,IOC,OFFER,100.199219,1000000,0,N/A,0
2022-Dec-18 08:10:40.485,EQIW1G2YJA,91282CFW6,IOC,BID,100.230469,1000000,0,N/A,0
2022-Dec-18 08:10:40.808,MJQO4MPA0Q,91282CFW6,IOC,OFFER,100.246094,1000000,0,N/A,0
2022-Dec-18 08:10:41.120,VWQ7YYEUQV,91282CFW6,IOC,BID,100.277344,1000000,0,N/A,0
2022-Dec-18 08:10:41.435,F123Y8ACU1,91282CFW6,IOC,OFFER,100.292969,1000000,0,N/A,0
2022-Dec-18 08:10:41.744,FG7YZGR6D1,91282CFW6,IOC,BID,100.324219,1000000,0,N/A,0
2022-Dec-18 08:10:42.063,XNFV87YBFF,91282CFW6,IOC,OFFER,100.339844,1000000,0,N/A,0
2022-Dec-18 08:10:42.380,T3D6IVW9ZX,91282CFW6,IOC,BID,100.371094,1000000,0,N/A,0
2022-Dec-18 08:10:42.697,ENECD659SN,91282CFW6,IOC,OFFER,100.386719,1000000,0,N/A,0
2022-Dec-18 08:10:43.017,3EAXZ9H1NY,91282CFW6,IOC,BID,100.417969,1000000,0,N/A,0
2022-Dec-18 08:10:43.341,BE2A22EBTV,91282CFW6,IOC,OFFER,100.433594,1000000,0,N/A,0
2022-Dec-18 08:10:43.659,J5CZC0NLHT,91282CFW6,IOC,BID,100.464844,1000000,0,N/A,0
2022-Dec-18 08:10:43.971,F8BL78V0F7,91282CFW6,IOC,OFFER,100.480469,1000000,0,N/A,0
2022-Dec-18 08:10:44.284,D45SO8OIF9,91282CFW6,IOC,BID,100.511719,1000000,0,N/A,0
2022-Dec-18 08:10:44.593,GT4GQJ1MW9,91282CFW6,IOC,OFFER,100.527344,1000000,0,N/A,0
2022-Dec-18 08:10:44.913,D05CLNP6EF,91282CFW6,IOC,BID,100.558594,1000000,0,N/A,0
2022-Dec-18 08:10:45.233,UBZEN3LFC0,91282CFW6,IOC,OFFER,100.574219,1000000,0,N/A,0
2022-Dec-18 08:10:45.540,X1VU2LC6K3,91282CFW6,IOC,BID,100.605469,1000000,0,N/A,0
2022-Dec-18 08:10:45.856,D6CE659COT,91282CFW6,IOC,OFFER,100.621094,1000000,0,N/A,0
2022-Dec-18 08:10:46.173,QV0TRPCIJG,91282CFW6,IOC,BID,100.652344,1000000,0,N/A,0
2022-Dec-18 08:10:46.491,C9C66N94C3,91282CFW6,IOC,OFFER,100.667969,1000000,0,N/A,0
2022-Dec-18 08:10:46.804,9KSM3VFF0R,91282CFW6,IOC,BID,100.699219,1000000,0,N/A,0
2022-Dec-18 08:10:47.116,OP6MHUCJ9L,91282CFW6,IOC,OFFER,100.714844,1000000,0,N/A,0
2022-Dec-18 08:10:47.427,MCCFNZTTLW,91282CFW6,IOC,BID,100.746094,1000000,0,N/A,0
2022-Dec-18 08:10:47.744,6RZIKKA1N6,91282CFW6,IOC,OFFER,100.761719,1000000,0,N/A,0
2022-Dec-18 08:10:48.061,1H2U9HXNFJ,91282CFW6,IOC,BID,100.792969,1000000,0,N/A,0
2022-Dec-18 08:10:48.379,9BH5PA583L,91282CFW6,IOC,OFFER,100.808594,1000000,0,N/A,0
2022-Dec-18 08:10:48.692,T04TPGWNYO,91282CFW6,IOC,BID,100.839844,1000000,0,N/A,0
2022-Dec-18 08:10:49.015,KP0UK2EAIE,91282CFW6,IOC,OFFER,100.855469,1000000,0,N/A,0
2022-Dec-18 08:10:49.328,LNNVLPE71H,91282CFW6,IOC,BID,100.886719,1000000,0,N/A,0
2022-Dec-18 08:10:49.645,1O4R276FWC,91282CFW6,IOC,OFFER,100.902344,1000000,0,N/A,0
2022-Dec-18 08:10:49.962,ZE1BCCR5O0,91282CFW6,IOC,BID,100.933594,1000000,0,N/A,0
2022-Dec-18 08:10:50.279,WJ5H781TOT,91282CFW6,IOC,OFFER,100.949219,1000000,0,N/A,0
2022-Dec-18 08:10:50.593,3XJSXNG4X7,91282CFW6,IOC,BID,100.980469,1000000,0,N/A,0
2022-Dec-18 08:10:50.900,TET0LIERVT,91282CFW6,IOC,OFFER,100.996094,1000000,0,N/A,0
2022-Dec-18 08:10:51.215,3IJLRPXDTK,91282CFW6,IOC,BID,100.980469,1000000,0,N/A,0
2022-Dec-18 08:10:51.529,143XJL0AKJ,91282CFW6,IOC,OFFER,100.949219,1000000,0,N/A,0
2022-Dec-18 08:10:51.844,SMKG11KGG0,91282CFW6,IOC,BID,100.933594,1000000,0,N/A,0
2022-Dec-18 08:10:52.159,41UZRBFXE2,91282CFW6,IOC,OFFER,100.902344,1000000,0,N/A,0
2022-Dec-18 08:10:52.476,VOR97XPJFU,91282CFW6,IOC,BID,100.886719,1000000,0,N/A,0
2022-Dec-18 08:10:52.798,WS4TZN0ELI,91282CFW6,IOC,OFFER,100.855469,1000000,0,N/A,0
2022-Dec-18 08:10:53.110,CXOLLTJ3M3,91282CFW6,IOC,BID,100.839844,1000000,0,N/A,0
2022-Dec-18 08:10:53.424,NB5LDBUQT3,91282CFW6,IOC,OFFER,100.808594,1000000,0,N/A,0
2022-Dec-18 08:10:53.743,9VPOB24CC2,91282CFW6,IOC,BID,100.792969,1000000,0,N/A,0
2022-Dec-18 08:10:54.057,3BGTOX2EZG,91282CFW6,IOC,OFFER,100.761719,1000000,0,N/A,0
2022-Dec-18 08:10:54.376,90903JIOIQ,91282CFW6,IOC,BID,100.746094,1000000,0,N/A,0
2022-Dec-18 08:10:54.687,IITWJ0G614,91282CFW6,IOC,OFFER,100.714844,1000000,0,N/A,0
2022-Dec-18 08:10:55.006,XWHDWWO1PT,91282CFW6,IOC,BID,100.699219,1000000,0,N/A,0
2022-Dec-18 08:10:55.324,A7RMLBJ3IL,91282CFW6,IOC,OFFER,100.667969,1000000,0,N/A,0
2022-Dec-18 08:10:55.640,GKP97MQJGN,91282CFW6,IOC,BID,100.652344,1000000,0,N/A,0
2022-Dec-18 08:10:55.958,F9148R4KDO,91282CFW6,IOC,OFFER,100.621094,1000000,0,N/A,0
2022-Dec-18 08:10:56.281,3JBDM9B69Y,91282CFW6,IOC,BID,100.605469,1000000,0,N/A,0
2022-Dec-18 08:10:56.598,LZ06KYX7CS,91282CFW6,IOC,OFFER,100.574219,1000000,0,N/A,0
2022-Dec-18 08:10:56.915,60FQY43L8T,91282CFW6,IOC,BID,100.558594,1000000,0,N/A,0
2022-Dec-18 08:10:57.223,PIO3JTRSWH,91282CFW6,IOC,OFFER,100.527344,1000000,0,N/A,0
2022-Dec-18 08:10:57.547,0DBK37JVLZ,91282CFW6,IOC,BID,100.511719,1000000,0,N/A,0
2022-Dec-18 08:10:57.868,GIEI2AXSAZ,91282CFW6,IOC,OFFER,100.480469,1000000,0,N/A,0
2022-Dec-18 08:10:58.186,TLP50E8W5I,91282CFW6,IOC,BID,100.464844,1000000,0,N/A,0
2022-Dec-18 08:10:58.501,QIZQDS0KSE,91282CFW6,IOC,OFFER,100.433594,1000000,0,N/A,0
2022-Dec-18 08:10:58.814,579GE96BDE,91282CFW6,IOC,BID,100.417969,1000000,0,N/A,0
2022-Dec-18 08:10:59.126,ZLU0RUID3M,91282CFW6,IOC,OFFER,100.386719,1000000,0,N/A,0
2022-Dec-18 08:10:59.439,RJSZ9ZCDQV,91282CFW6,IOC,BID,100.371094,1000000,0,N/A,0
2022-Dec-18 08:10:59.759,8WYCQ57JKL,91282CFW6,IOC,OFFER,100.339844,1000000,0,N/A,0
2022-Dec-18 08:11:00.075,9UZK3LFW8T,91282CFW6,IOC,BID,100.324219,1000000,0,N/A,0
2022-Dec-18 08:11:00.388,SDXG3U1QGQ,91282CFW6,IOC,OFFER,100.292969,1000000,0,N/A,0
2022-Dec-18 08:11:00.704,VTG3MJQWF1,91282CFW6,IOC,BID,100.277344,1000000,0,N/A,0
2022-Dec-18 08:11:01.017,M6FV8BWBDH,91282CFW6,IOC,OFFER,100.246094,1000000,0,N/A,0
2022-Dec-18 08:11:01.336,E0G61AP1H7,91282CFW6,IOC,BID,100.230469,1000000,0,N/A,0
2022-Dec-18 08:11:01.651,C8Y0X67I4P,91282CFW6,IOC,OFFER,100.199219,1000000,0,N/A,0
2022-Dec-18 08:11:01.964,R4Q6L03JKC,91282CFW6,IOC,BID,100.183594,1000000,0,N/A,0
2022-Dec-18 08:11:02.280,1Y07PZ39QD,91282CFW6,IOC,OFFER,100.152344,1000000,0,N/A,0
2022-Dec-18 08:11:02.600,WO5J1NV3GV,91282CFW6,IOC,BID,100.136719,1000000,0,N/A,0
2022-Dec-18 08:11:02.914,IZ7WV418HL,91282CFW6,IOC,OFFER,100.105469,1000000,0,N/A,0
2022-Dec-18 08:11:03.234,VDYH49NEEH,91282CFW6,IOC,BID,100.089844,1000000,0,N/A,0
2022-Dec-18 08:11:03.547,FGZVF02GZQ,91282CFW6,IOC,OFFER,100.058594,1000000,0,N/A,0
2022-Dec-18 08:11:03.861,MFAVJPARWI,91282CFW6,IOC,BID,100.042969,1000000,0,N/A,0
2022-Dec-18 08:11:04.172,1QYLHZCA7T,91282CFW6,IOC,OFFER,100.011719,1000000,0,N/A,0
2022-Dec-18 08:11:04.488,GKMOM1Z8GV,91282CFW6,IOC,BID,99.996094,1000000,0,N/A,0
2022-Dec-18 08:11:04.807,P7ELP7VL6R,91282CFW6,IOC,OFFER,99.964844,1000000,0,N/A,0
2022-Dec-18 08:11:05.124,YU7ZSP8CFS,91282CFW6,IOC,BID,99.949219,1000000,0,N/A,0
2022-Dec-18 08:11:05.438,KSMZW4OJBG,91282CFW6,IOC,OFFER,99.917969,1000000,0,N/A,0
2022-Dec-18 08:11:05.747,8PXOMWDFAK,91282CFW6,IOC,BID,99.902344,1000000,0,N/A,0
2022-Dec-18 08:11:06.063,Q0G5ZCB2V2,91282CFW6,IOC,OFFER,99.871094,1000000,0,N/A,0
2022-Dec-18 08:11:06.378,8Y9K9ZEMWV,91282CFW6,IOC,BID,99.855469,1000000,0,N/A,0
2022-Dec-18 08:11:06.691,SKKNP4UKD5,91282CFW6,IOC,OFFER,99.824219,1000000,0,N/A,0
2022-Dec-18 08:11:07.005,BF8MR5M5XL,91282CFW6,IOC,BID,99.808594,1000000,0,N/A,0
2022-Dec-18 08:11:07.321,WTCQZM14JF,91282CFW6,IOC,OFFER,99.777344,1000000,0,N/A,0
2022-Dec-18 08:11:07.638,OFL8TNO7QT,91282CFW6,IOC,BID,99.761719,1000000,0,N/A,0
2022-Dec-18 08:11:07.957,YF7TQ9E5CQ,91282CFW6,IOC,OFFER,99.730469,1000000,0,N/A,0
2022-Dec-18 08:11:08.271,7LB9PW35IY,91282CFW6,IOC,BID,99.714844,1000000,0,N/A,0
2022-Dec-18 08:11:08.583,M912WS2CSH,91282CFW6,IOC,OFFER,99.683594,1000000,0,N/A,0
2022-Dec-18 08:11:08.895,17PRFOBDAT,91282CFW6,IOC,BID,99.667969,1000000,0,N/A,0
2022-Dec-18 08:11:09.212,UE66RBEWPF,91282CFW6,IOC,OFFER,99.636719,1000000,0,N/A,0
2022-Dec-18 08:11:09.533,ST7MGKJYUU,91282CFW6,IOC,BID,99.621094,1000000,0,N/A,0
2022-Dec-18 08:11:09.857,6IM74JNJ55,91282CFW6,IOC,OFFER,99.589844,1000000,0,N/A,0
2022-Dec-18 08:11:10.173,0EPGNK0SJZ,91282CFW6,IOC,BID,99.574219,1000000,0,N/A,0
2022-Dec-18 08:11:10.496,5ZA043KR7H,91282CFW6,IOC,OFFER,99.542969,1000000,0,N/A,0
2022-Dec-18 08:11:10.812,RDN6Z36EHA,91282CFW6,IOC,BID,99.527344,1000000,0,N/A,0
2022-Dec-18 08:11:11.133,J3OSX1SFHX,91282CFW6,IOC,OFFER,99.496094,1000000,0,N/A,0
2022-Dec-18 08:11:11.446,VYABN1OQ7W,91282CFW6,IOC,BID,99.480469,1000000,0,N/A,0
2022-Dec-18 08:11:11.759,GTEPJLYVUR,91282CFW6,IOC,OFFER,99.449219,1000000,0,N/A,0
2022-Dec-18 08:11:12.076,S5R6ZUAJFH,91282CFW6,IOC,BID,99.433594,1000000,0,N/A,0
2022-Dec-18 08:11:12.391,8LOPXOB5AW,91282CFW6,IOC,OFFER,99.402344,1000000,0,N/A,0
2022-Dec-18 08:11:12.708,SIUVEQTAWT,91282CFW6,IOC,BID,99.386719,1000000,0,N/A,0
2022-Dec-18 08:11:13.025,S8BXA3B02N,91282CFW6,IOC,OFFER,99.355469,1000000,0,N/A,0
2022-Dec-18 08:11:13.339,QJ378NGJ09,91282CFW6,IOC,BID,99.339844,1000000,0,N/A,0
2022-Dec-18 08:11:13.651,NM3GBEYNOI,91282CFW6,IOC,OFFER,99.308594,1000000,0,N/A,0
2022-Dec-18 08:11:13.967,41II2HNQNY,91282CFW6,IOC,BID,99.292969,1000000,0,N/A,0
2022-Dec-18 08:11:14.275,FC4HICC5PV,91282CFW6,IOC,OFFER,99.261719,1000000,0,N/A,0
2022-Dec-18 08:11:14.592,RCW4MOCMZB,91282CFW6,IOC,BID,99.246094,1000000,0,N/A,0
2022-Dec-18 08:11:14.908,VBMSER4AME,91282CFW6,IOC,OFFER,99.214844,1000000,0,N/A,0
2022-Dec-18 08:11:15.221,D5QKMRMEDH,91282CFW6,IOC,BID,99.199219,1000000,0,N/A,0
2022-Dec-18 08:11:15.538,3F0K0OSMRR,91282CFZ9,IOC,OFFER,99.167969,1000000,0,N/A,0
2022-Dec-18 08:11:15.854,B7KMST4MHF,91282CFZ9,IOC,BID,99.152344,1000000,0,N/A,0
2022-Dec-18 08:11:16.162,N38UAP829J,91282CFZ9,IOC,OFFER,99.121094,1000000,0,N/A,0
2022-Dec-18 08:11:16.472,Z68H9F5NN6,91282CFZ9,IOC,BID,99.105469,1000000,0,N/A,0
2022-Dec-18 08:11:16.787,W05LPZL8DQ,91282CFZ9,IOC,OFFER,99.074219,1000000,0,N/A,0
2022-Dec-18 08:11:17.104,M28CICG2ME,91282CFZ9,IOC,BID,99.058594,1000000,0,N/A,0
2022-Dec-18 08:11:17.420,ZA2B8W2HFB,91282CFZ9,IOC,OFFER,99.027344,1000000,0,N/A,0
2022-Dec-18 08:11:17.732,RZSLAQOITM,91282CFZ9,IOC,BID,99.011719,1000000,0,N/A,0
2022-Dec-18 08:11:18.045,MISUPT7OC0,91282CFZ9,IOC,OFFER,99.011719,1000000,0,N/A,0
2022-Dec-18 08:11:18.367,1UOMWN1EFT,91282CFZ9,IOC,BID,99.042969,1000000,0,N/A,0
2022-Dec-18 08:11:18.679,AWJ8F1UKHU,91282CFZ9,IOC,OFFER,99.058594,1000000,0,N/A,0
2022-Dec-18 08:11:18.995,IC4KVRRLPF,91282CFZ9,IOC,BID,99.089844,1000000,0,N/A,0
2022-Dec-18 08:11:19.312,S0IH0BAYCJ,91282CFZ9,IOC,OFFER,99.105469,1000000,0,N/A,0
2022-Dec-18 08:11:19.626,SQ7O5N6LT2,91282CFZ9,IOC,BID,99.136719,1000000,0,N/A,0
2022-Dec-18 08:11:19.944,PRNSMVWWDS,91282CFZ9,IOC,OFFER,99.152344,1000000,0,N/A,0
2022-Dec-18 08:11:20.267,OCF52H72CW,91282CFZ9,IOC,BID,99.183594,1000000,0,N/A,0
2022-Dec-18 08:11:20.587,OU0J62QQ9R,91282CFZ9,IOC,OFFER,99.199219,1000000,0,N/A,0
2022-Dec-18 08:11:20.899,7FJZ1FB79F,91282CFZ9,IOC,BID,99.230469,1000000,0,N/A,0
2022-Dec-18 08:11:21.217,XG5MGHM5OA,91282CFZ9,IOC,OFFER,99.246094,1000000,0,N/A,0
2022-Dec-18 08:11:21.523,J7VANYE6RL,91282CFZ9,IOC,BID,99.277344,1000000,0,N/A,0
2022-Dec-18 08:11:21.839,9NVBU9IH3V,91282CFZ9,IOC,OFFER,99.292969,1000000,0,N/A,0
2022-Dec-18 08:11:22.153,BSVUO06SHR,91282CFZ9,IOC,BID,99.324219,1000000,0,N/A,0
2022-Dec-18 08:11:22.462,D1KA85GFIY,91282CFZ9,IOC,OFFER,99.339844,1000000,0,N/A,0
2022-Dec-18 08:11:22.777,P7XIWW8R56,91282CFZ9,IOC,BID,99.371094,1000000,0,N/A,0
2022-Dec-18 08:11:23.094,X4JR4TTYYQ,91282CFZ9,IOC,OFFER,99.386719,1000000,0,N/A,0
2022-Dec-18 08:11:23.412,NJTQRDLVNN,91282CFZ9,IOC,BID,99.417969,1000000,0,N/A,0
2022-Dec-18 08:11:23.736,KWBPSK74O6,91282CFZ9,IOC,OFFER,99.433594,1000000,0,N/A,0
2022-Dec-18 08:11:24.049,MPT2ZVS3C8,91282CFZ9,IOC,BID,99.464844,1000000,0,N/A,0
2022-Dec-18 08:11:24.362,RWZTFVZJ4H,91282CFZ9,IOC,OFFER,99.480469,1000000,0,N/A,0
2022-Dec-18 08:11:24.678,DUPDO3ZBSX,91282CFZ9,IOC,BID,99.511719,1000000,0,N/A,0
2022-Dec-18 08:11:24.994,CO460HPSSE,91282CFZ9,IOC,OFFER,99.527344,1000000,0,N/A,0
2022-Dec-18 08:11:25.310,5KVTZXLVKX,91282CFZ9,IOC,BID,99.558594,1000000,0,N/A,0
2022-Dec-18 08:11:25.626,JPGUPLMHGB,91282CFZ9,IOC,OFFER,99.574219,1000000,0,N/A,0
2022-Dec-18 08:11:25.943,V5E5T9EKMY,91282CFZ9,IOC,BID,99.605469,1000000,0,N/A,0
2022-Dec-18 08:11:26.261,Y7C0GWDS79,91282CFZ9,IOC,OFFER,99.621094,1000000,0,N/A,0
2022-Dec-18 08:11:26.580,ZON7BBH1C0,91282CFZ9,IOC,BID,99.652344,1000000,0,N/A,0
2022-Dec-18 08:11:26.889,NGJKHHNPY1,91282CFZ9,IOC,OFFER,99.667969,1000000,0,N/A,0
2022-Dec-18 08:11:27.206,PM232L2KFB,91282CFZ9,IOC,BID,99.699219,1000000,0,N/A,0
2022-Dec-18 08:11:27.520,ZYUGPDXAVG,91282CFZ9,IOC,OFFER,99.714844,1000000,0,N/A,0
2022-Dec-18 08:11:27.835,YIOAWO5650,91282CFZ9,IOC,BID,99.746094,1000000,0,N/A,0
2022-Dec-18 08:11:28.140,MVUF1YWXGY,91282CFZ9,IOC,OFFER,99.761719,1000000,0,N/A,0
2022-Dec-18 08:11:28.452,P84UVEBLUD,91282CFZ9,IOC,BID,99.792969,1000000,0,N/A,0
2022-Dec-18 08:11:28.769,4XYKIHXX3V,91282CFZ9,IOC,OFFER,99.808594,1000000,0,N/A,0
2022-Dec-18 08:11:29.087,9U2H3OL4HX,91282CFZ9,IOC,BID,99.839844,1000000,0,N/A,0
2022-Dec-18 08:11:29.393,9FRBD5OACA,91282CFZ9,IOC,OFFER,99.855469,1000000,0,N/A,0
2022-Dec-18 08:11:29.710,WR9RRZAFJH,91282CFZ9,IOC,BID,99.886719,1000000,0,N/A,0
2022-Dec-18 08:11:30.023,7UND37HFEF,91282CFZ9,IOC,OFFER,99.902344,1000000,0,N/A,0
2022-Dec-18 08:11:30.338,1L9N6IKLR1,91282CFZ9,IOC,BID,99.933594,1000000,0,N/A,0
2022-Dec-18 08:11:30.654,8ECFCT7IOA,91282CFZ9,IOC,OFFER,99.949219,1000000,0,N/A,0
2022-Dec-18 08:11:30.971,4A941OB6VL,91282CFZ9,IOC,BID,99.980469,1000000,0,N/A,0
2022-Dec-18 08:11:31.279,JNIOP1DI6L,91282CFZ9,IOC,OFFER,99.996094,1000000,0,N/A,0
2022-Dec-18 08:11:31.593,2DQDWGQMMD,91282CFZ9,IOC,BID,100.027344,1000000,0,N/A,0
2022-Dec-18 08:11:31.906,PRRBOWB1AD,91282CFZ9,IOC,OFFER,100.042969,1000000,0,N/A,0
2022-Dec-18 08:11:32.222,V2530APP4K,91282CFZ9,IOC,BID,100.074219,1000000,0,N/A,0
2022-Dec-18 08:11:32.542,7SWD05OWDF,91282CFZ9,IOC,OFFER,100.089844,1000000,0,N/A,0
2022-Dec-18 08:11:32.859,QEGGK0XVXS,91282CFZ9,IOC,BID,100.121094,1000000,0,N/A,0
2022-Dec-18 08:11:33.171,UZOSDWYYUE,91282CFZ9,IOC,OFFER,100.136719,1000000,0,N/A,0
2022-Dec-18 08:11:33.486,JB08XNNT1B,91282CFZ9,IOC,BID,100.167969,1000000,0,N/A,0
2022-Dec-18 08:11:33.792,EA88AUTJBC,91282CFZ9,IOC,OFFER,100.183594,1000000,0,N/A,0
2022-Dec-18 08:11:34.114,3RBZ7MUHFG,91282CFZ9,IOC,BID,100.214844,1000000,0,N/A,0
2022-Dec-18 08:11:34.436,MCXHPD8JXT,91282CFZ9,IOC,OFFER,100.230469,1000000,0,N/A,0
2022-Dec-18 08:11:34.754,ROYNJ05XE4,91282CFZ9,IOC,BID,100.261719,1000000,0,N/A,0
2022-Dec-18 08:11:35.066,S8UV4ESGOW,91282CFZ9,IOC,OFFER,100.277344,1000000,0,N/A,0
2022-Dec-18 08:11:35.386,X5SHP2PR4N,91282CFZ9,IOC,BID,100.308594,1000000,0,N/A,0
2022-Dec-18 08:11:35.709,GWNL6YRWVW,91282CFZ9,IOC,OFFER,100.324219,1000000,0,N/A,0
2022-Dec-18 08:11:36.022,J0LMO1YA9K,91282CFZ9,IOC,BID,100.355469,1000000,0,N/A,0
2022-Dec-18 08:11:36.330,J2LW68Y3O4,91282CFZ9,IOC,OFFER,100.371094,1000000,0,N/A,0
2022-Dec-18 08:11:36.644,KBAVL0C8S2,91282CFZ9,IOC,BID,100.402344,1000000,0,N/A,0
2022-Dec-18 08:11:36.969,BQ3RBTLTIK,91282CFZ9,IOC,OFFER,100.417969,1000000,0,N/A,0
2022-Dec-18 08:11:37.287,L7SWL3D36O,91282CFZ9,IOC,BID,100.449219,1000000,0,N/A,0
2022-Dec-18 08:11:37.603,6NK58OZ7R7,91282CFZ9,IOC,OFFER,100.464844,1000000,0,N/A,0
2022-Dec-18 08:11:37.922,HSCPG9BS1Z,91282CFZ9,IOC,BID,100.496094,1000000,0,N/A,0
2022-Dec-18 08:11:38.237,K45BKE9JLW,91282CFZ9,IOC,OFFER,100.511719,1000000,0,N/A,0
2022-Dec-18 08:11:38.554,828TIXANHY,91282CFZ9,IOC,BID,100.542969,1000000,0,N/A,0
2022-Dec-18 08:11:38.872,N03S6NZGKZ,91282CFZ9,IOC,OFFER,100.558594,1000000,0,N/A,0
2022-Dec-18 08:11:39.188,49I0B1BT9D,91282CFZ9,IOC,BID,100.589844,1000000,0,N/A,0
2022-Dec-18 08:11:39.503,VBWCBYOHFV,91282CFZ9,IOC,OFFER,100.605469,1000000,0,N/A,0
2022-Dec-18 08:11:39.825,430DQ59SBQ,91282CFZ9,IOC,BID,100.636719,1000000,0,N/A,0
2022-Dec-18 08:11:40.142,VNB0FBVQ72,91282CFZ9,IOC,OFFER,100.652344,1000000,0,N/A,0
2022-Dec-18 08:11:40.453,CR9CW4T8RA,91282CFZ9,IOC,BID,100.683594,1000000,0,N/A,0
2022-Dec-18 08:11:40.771,WMC9G1BHCU,91282CFZ9,IOC,OFFER,100.699219,1000000,0,N/A,0
2022-Dec-18 08:11:41.087,3YUDL97LII,91282CFZ9,IOC,BID,100.730469,1000000,0,N/A,0
2022-Dec-18 08:11:41.397,G7LRD1VIOW,91282CFZ9,IOC,OFFER,100.746094,1000000,0,N/A,0
2022-Dec-18 08:11:41.717,BEYVI7RMWU,91282CFZ9,IOC,BID,100.777344,1000000,0,N/A,0
2022-Dec-18 08:11:42.040,ND1ZJDD0S9,91282CFZ9,IOC,OFFER,100.792969,1000000,0,N/A,0
2022-Dec-18 08:11:42.353,DNZGXJCVR2,91282CFZ9,IOC,BID,100.824219,1000000,0,N/A,0
2022-Dec-18 08:11:42.674,BCJT8334YD,91282CFZ9,IOC,OFFER,100.839844,1000000,0,N/A,0
2022-Dec-18 08:11:42.995,7CGKWAJOSK,91282CFZ9,IOC,BID,100.871094,1000000,0,N/A,0
2022-Dec-18 08:11:43.315,B5GC21IVUU,91282CFZ9,IOC,OFFER,100.886719,1000000,0,N/A,0
2022-Dec-18 08:11:43.627,SCULA75DY8,91282CFZ9,IOC,BID,100.917969,1000000,0,N/A,0
2022-Dec-18 08:11:43.953,OJXEGP2TQL,91282CFZ9,IOC,OFFER,100.933594,1000000,0,N/A,0
2022-Dec-18 08:11:44.268,A9DGXN9W78,91282CFZ9,IOC,BID,100.964844,1000000,0,N/A,0
2022-Dec-18 08:11:44.587,7P757K4JJG,91282CFZ9,IOC,OFFER,100.980469,1000000,0,N/A,0
2022-Dec-18 08:11:44.903,3ZHYKEIOV7,91282CFZ9,IOC,BID,100.996094,1000000,0,N/A,0
2022-Dec-18 08:11:45.220,F2MLS0JJAM,91282CFZ9,IOC,OFFER,100.964844,1000000,0,N/A,0
2022-Dec-18 08:11:45.539,CMN8F78H38,91282CFZ9,IOC,BID,100.949219,1000000,0,N/A,0
2022-Dec-18 08:11:45.855,N3A53LTVK4,91282CFZ9,IOC,OFFER,100.917969,1000000,0,N/A,0
2022-Dec-18 08:11:46.176,G5I41BMV49,91282CFZ9,IOC,BID,100.902344,1000000,0,N/A,0
2022-Dec-18 08:11:46.496,6B0IRK1NXE,91282CFZ9,IOC,OFFER,100.871094,1000000,0,N/A,0
2022-Dec-18 08:11:46.816,HTA2EMLXM6,91282CFZ9,IOC,BID,100.855469,1000000,0,N/A,0
2022-Dec-18 08:11:47.128,BUIPFR7DVA,91282CFZ9,IOC,OFFER,100.824219,1000000,0,N/A,0
2022-Dec-18 08:11:47.445,5CVEHLGOZP,91282CFZ9,IOC,BID,100.808594,1000000,0,N/A,0
2022-Dec-18 08:11:47.759,OURXIRUC4W,91282CFZ9,IOC,OFFER,100.777344,1000000,0,N/A,0
2022-Dec-18 08:11:48.086,NB09A9NNJ5,91282CFZ9,IOC,BID,100.761719,1000000,0,N/A,0
2022-Dec-18 08:11:48.403,T7DTFJ85IX,91282CFZ9,IOC,OFFER,100.730469,1000000,0,N/A,0
2022-Dec-18 08:11:48.718,T7VKTQFHZO,91282CFZ9,IOC,BID,100.714844,1000000,0,N/A,0
2022-Dec-18 08:11:49.036,QKZC16UUWF,91282CFZ9,IOC,OFFER,100.683594,1000000,0,N/A,0
2022-Dec-18 08:11:49.355,T0WM7Q97OV,91282CFZ9,IOC,BID,100.667969,1000000,0,N/A,0
2022-Dec-18 08:11:49.672,1R0D0WIOLD,91282CFZ9,IOC,OFFER,100.636719,1000000,0,N/A,0
2022-Dec-18 08:11:49.988,WCPN0W3KOY,91282CFZ9,IOC,BID,100.621094,1000000,0,N/A,0
2022-Dec-18 08:11:50.312,ID0TS48YM8,91282CFZ9,IOC,OFFER,100.589844,1000000,0,N/A,0
2022-Dec-18 08:11:50.625,PVK5QFHIFG,91282CFZ9,IOC,BID,100.574219,1000000,0,N/A,0
2022-Dec-18 08:11:50.945,PP67EZMF9Q,91282CFZ9,IOC,OFFER,100.542969,1000000,0,N/A,0
2022-Dec-18 08:11:51.266,0HA05F07VG,91282CFZ9,IOC,BID,100.527344,1000000,0,N/A,0
2022-Dec-18 08:11:51.581,8RHTQ11PX5,91282CFZ9,IOC,OFFER,100.496094,1000000,0,N/A,0
2022-Dec-18 08:11:51.895,7GXBZ8O2RK,91282CFZ9,IOC,BID,100.480469,1000000,0,N/A,0
2022-Dec-18 08:11:52.216,Y47BTHNQQQ,91282CFZ9,IOC,OFFER,100.449219,1000000,0,N/A,0
2022-Dec-18 08:11:52.527,5GS3HWQIQC,91282CFZ9,IOC,BID,100.433594,1000000,0,N/A,0
2022-Dec-18 08:11:52.840,UCM1TVWN01,91282CFZ9,IOC,OFFER,100.402344,1000000,0,N/A,0
2022-Dec-18 08:11:53.157,7P3R3BV31X,91282CFZ9,IOC,BID,100.386719,1000000,0,N/A,0
2022-Dec-18 08:11:53.476,UQZNNOY79I,91282CFZ9,IOC,OFFER,100.355469,1000000,0,N/A,0
2022-Dec-18 08:11:53.791,V3PNSN6ER2,91282CFZ9,IOC,BID,100.339844,1000000,0,N/A,0
2022-Dec-18 08:11:54.106,8G52BPN06A,91282CFZ9,IOC,OFFER,100.308594,1000000,0,N/A,0
2022-Dec-18 08:11:54.419,GWMS2427EG,91282CFZ9,IOC,BID,100.292969,1000000,0,N/A,0
2022-Dec-18 08:11:54.737,4KQNRIJBD0,91282CFZ9,IOC,OFFER,100.261719,1000000,0,N/A,0
2022-Dec-18 08:11:55.052,KY109YG0HG,91282CFZ9,IOC,BID,100.246094,1000000,0,N/A,0
2022-Dec-18 08:11:55.369,6NLBH8M2MZ,91282CFZ9,IOC,OFFER,100.214844,1000000,0,N/A,0
2022-Dec-18 08:11:55.689,SRWOL2MEN8,91282CFZ9,IOC,BID,100.199219,1000000,0,N/A,0
2022-Dec-18 08:11:56.002,62HTTL3NHB,91282CFZ9,IOC,OFFER,100.167969,1000000,0,N/A,0
2022-Dec-18 08:11:56.316,PTNER8QVBM,91282CFZ9,IOC,BID,100.152344,1000000,0,N/A,0
2022-Dec-18 08:11:56.639,DDJJXYZ6MD,91282CFZ9,IOC,OFFER,100.121094,1000000,0,N/A,0
2022-Dec-18 08:11:56.956,3YJXH0P6M7,91282CFZ9,IOC,BID,100.105469,1000000,0,N/A,0
2022-Dec-18 08:11:57.269,6OLNYPBD07,91282CFZ9,IOC,OFFER,100.074219,1000000,0,N/A,0
2022-Dec-18 08:11:57.589,K2XITRFJ8V,91282CFZ9,IOC,BID,100.058594,1000000,0,N/A,0
2022-Dec-18 08:11:57.909,DOPBTIZ9UE,91282CFZ9,IOC,OFFER,100.027344,1000000,0,N/A,0
2022-Dec-18 08:11:58.222,0PZAQKSIRL,91282CFZ9,IOC,BID,100.011719,1000000,0,N/A,0
2022-Dec-18 08:11:58.535,0TS092A58Q,91282CFZ9,IOC,OFFER,99.980469,1000000,0,N/A,0
2022-Dec-18 08:11:58.853,3E7KKKY2Q4,91282CFZ9,IOC,BID,99.964844,1000000,0,N/A,0
2022-Dec-18 08:11:59.168,J7WKRC2WKH,91282CFZ9,IOC,OFFER,99.933594,1000000,0,N/A,0
2022-Dec-18 08:11:59.483,W5DATMQET3,91282CFZ9,IOC,BID,99.917969,1000000,0,N/A,0
2022-Dec-18 08:11:59.803,BNAS6I3OQT,91282CFZ9,IOC,OFFER,99.886719,1000000,0,N/A,0
2022-Dec-18 08:12:00.122,LBMQAA0YWH,91282CFZ9,IOC,BID,99.871094,1000000,0,N/A,0
2022-Dec-18 08:12:00.438,I5IP86J0X0,91282CFZ9,IOC,OFFER,99.839844,1000000,0,N/A,0
2022-Dec-18 08:12:00.757,LI6X1W0R0L,91282CFZ9,IOC,BID,99.824219,1000000,0,N/A,0
2022-Dec-18 08:12:01.081,R0FKN9I5DX,91282CFZ9,IOC,OFFER,99.792969,1000000,0,N/A,0
2022-Dec-18 08:12:01.405,S9A0W1B81P,91282CFZ9,IOC,BID,99.777344,1000000,0,N/A,0
2022-Dec-18 08:12:01.719,PURXLKW2ON,91282CFZ9,IOC,OFFER,99.746094,1000000,0,N/A,0
2022-Dec-18 08:12:02.023,MRLZJDUS3M,91282CFZ9,IOC,BID,99.730469,1000000,0,N/A,0
2022-Dec-18 08:12:02.334,WCZ8N73L8X,91282CFZ9,IOC,OFFER,99.699219,1000000,0,N/A,0
2022-Dec-18 08:12:02.644,TTNA1GM3MS,91282CFZ9,IOC,BID,99.683594,1000000,0,N/A,0
2022-Dec-18 08:12:02.958,7OR90SW4RR,91282CFZ9,IOC,OFFER,99.652344,1000000,0,N/A,0
2022-Dec-18 08:12:03.271,P3T02SE3TD,91282CFZ9,IOC,BID,99.636719,1000000,0,N/A,0
2022-Dec-18 08:12:03.583,LQ85BQLXJO,91282CFZ9,IOC,OFFER,99.605469,1000000,0,N/A,0
2022-Dec-18 08:12:03.900,0VNL3X73TK,91282CFZ9,IOC,BID,99.589844,1000000,0,N/A,0
2022-Dec-18 08:12:04.216,R7PAH6OLFB,91282CFZ9,IOC,OFFER,99.558594,1000000,0,N/A,0
2022-Dec-18 08:12:04.523,RK2YQV323P,91282CFZ9,IOC,BID,99.542969,1000000,0,N/A,0
2022-Dec-18 08:12:04.838,Y0QSQKFJMD,91282CFZ9,IOC,OFFER,99.511719,1000000,0,N/A,0
2022-Dec-18 08:12:05.155,CIQXXR9JD8,91282CFZ9,IOC,BID,99.496094,1000000,0,N/A,0
2022-Dec-18 08:12:05.472,EORNG2H9JB,91282CFZ9,IOC,OFFER,99.464844,1000000,0,N/A,0
2022-Dec-18 08:12:05.792,6W9JPMJ9A3,91282CFZ9,IOC,BID,99.449219,1000000,0,N/A,0
2022-Dec-18 08:12:06.108,B8ZTE6KFI1,91282CFZ9,IOC,OFFER,99.417969,1000000,0,N/A,0
2022-Dec-18 08:12:06.424,4HFXE4X5R8,91282CFZ9,IOC,BID,99.402344,1000000,0,N/A,0
2022-Dec-18 08:12:06.738,KQC6I4QKNW,91282CFZ9,IOC,OFFER,99.371094,1000000,0,N/A,0
2022-Dec-18 08:12:07.062,RS3RIS38XW,91282CFZ9,IOC,BID,99.355469,1000000,0,N/A,0
2022-Dec-18 08:12:07.382,KGOP6G1DQX,91282CFZ9,IOC,OFFER,99.324219,1000000,0,N/A,0
2022-Dec-18 08:12:07.700,2157TJYNJ3,91282CFZ9,IOC,BID,99.308594,1000000,0,N/A,0
2022-Dec-18 08:12:08.020,IYP1P3CW05,91282CFY2,IOC,OFFER,99.277344,1000000,0,N/A,0
2022-Dec-18 08:12:08.337,59MZ0OB6GE,91282CFY2,IOC,BID,99.261719,1000000,0,N/A,0
2022-Dec-18 08:12:08.655,ZOASLSMRX3,91282CFY2,IOC,OFFER,99.230469,1000000,0,N/A,0
2022-Dec-18 08:12:08.972,ZDK7X5WM0B,91282CFY2,IOC,BID,99.214844,1000000,0,N/A,0
2022-Dec-18 08:12:09.296,F5HM1OVE7P,91282CFY2,IOC,OFFER,99.183594,1000000,0,N/A,0
2022-Dec-18 08:12:09.617,LLMSS3FMJL,91282CFY2,IOC,BID,99.167969,1000000,0,N/A,0
2022-Dec-18 08:12:09.934,C89TJCHFRW,91282CFY2,IOC,OFFER,99.136719,1000000,0,N/A,0
2022-Dec-18 08:12:10.240,JAJIS05YGV,91282CFY2,IOC,BID,99.121094,1000000,0,N/A,0
2022-Dec-18 08:12:10.555,IFR7VE997C,91282CFY2,IOC,OFFER,99.089844,1000000,0,N/A,0
2022-Dec-18 08:12:10.871,QHDIX51Q49,91282CFY2,IOC,BID,99.074219,1000000,0,N/A,0
2022-Dec-18 08:12:11.193,MEN5RSSSX1,91282CFY2,IOC,OFFER,99.042969,1000000,0,N/A,0
2022-Dec-18 08:12:11.515,EPO42VA3W6,91282CFY2,IOC,BID,99.027344,1000000,0,N/A,0
2022-Dec-18 08:12:11.830,N4F3Z9HXOD,91282CFY2,IOC,OFFER,98.996094,1000000,0,N/A,0
2022-Dec-18 08:12:12.141,HFS9H0UNG6,91282CFY2,IOC,BID,99.027344,1000000,0,N/A,0
2022-Dec-18 08:12:12.455,U90XZ725U0,91282CFY2,IOC,OFFER,99.042969,1000000,0,N/A,0
2022-Dec-18 08:12:12.773,BPRM6JCQ7Z,91282CFY2,IOC,BID,99.074219,1000000,0,N/A,0
2022-Dec-18 08:12:13.096,X8HCNTGW2G,91282CFY2,IOC,OFFER,99.089844,1000000,0,N/A,0
2022-Dec-18 08:12:13.412,WIKXFQYN4I,91282CFY2,IOC,BID,99.121094,1000000,0,N/A,0
2022-Dec-18 08:12:13.737,D8UFI3EJMJ,91282CFY2,IOC,OFFER,99.136719,1000000,0,N/A,0
2022-Dec-18 08:12:14.059,O2CUA4XG5D,91282CFY2,IOC,BID,99.167969,1000000,0,N/A,0
2022-Dec-18 08:12:14.371,QHV3FS9IEQ,91282CFY2,IOC,OFFER,99.183594,1000000,0,N/A,0
2022-Dec-18 08:12:14.696,HQJVMXQVIH,91282CFY2,IOC,BID,99.214844,1000000,0,N/A,0
2022-Dec-18 08:12:15.015,GUNYWM6DG9,91282CFY2,IOC,OFFER,99.230469,1000000,0,N/A,0
2022-Dec-18 08:12:15.337,JQL0TKTOFJ,91282CFY2,IOC,BID,99.261719,1000000,0,N/A,0
2022-Dec-18 08:12:15.659,KHHS9LT2O8,91282CFY2,IOC,OFFER,99.277344,1000000,0,N/A,0
2022-Dec-18 08:12:15.979,R5GM7OSYUH,91282CFY2,IOC,BID,99.308594,1000000,0,N/A,0
2022-Dec-18 08:12:16.299,1JU61ITPR2,91282CFY2,IOC,OFFER,99.324219,1000000,0,N/A,0
2022-Dec-18 08:12:16.611,TX4OW1GZBC,91282CFY2,IOC,BID,99.355469,1000000,0,N/A,0
2022-Dec-18 08:12:16.933,L3PDG2GCD0,91282CFY2,IOC,OFFER,99.371094,1000000,0,N/A,0
2022-Dec-18 08:12:17.249,S2RI1H62RH,91282CFY2,IOC,BID,99.402344,1000000,0,N/A,0
2022-Dec-18 08:12:17.566,0OT3LXBWOI,91282CFY2,IOC,OFFER,99.417969,1000000,0,N/A,0
2022-Dec-18 08:12:17.886,WJX1DD5IOD,91282CFY2,IOC,BID,99.449219,1000000,0,N/A,0
2022-Dec-18 08:12:18.208,MFHE2KK6FX,91282CFY2,IOC,OFFER,99.464844,1000000,0,N/A,0
2022-Dec-18 08:12:18.532,W3DY64USNZ,91282CFY2,IOC,BID,99.496094,1000000,0,N/A,0
2022-Dec-18 08:12:18.849,2ODG4GINOM,91282CFY2,IOC,OFFER,99.511719,1000000,0,N/A,0
2022-Dec-18 08:12:19.161,JENS3GMM8E,91282CFY2,IOC,BID,99.542969,1000000,0,N/A,0
2022-Dec-18 08:12:19.478,4AJT8YJKQP,91282CFY2,IOC,OFFER,99.558594,1000000,0,N/A,0
2022-Dec-18 08:12:19.795,06LI88DV03,91282CFY2,IOC,BID,99.589844,1000000,0,N/A,0
2022-Dec-18 08:12:20.119,MAHTRM0GFI,91282CFY2,IOC,OFFER,99.605469,1000000,0,N/A,0
2022-Dec-18 08:12:20.441,QUFR9LHSYI,91282CFY2,IOC,BID,99.636719,1000000,0,N/A,0
2022-Dec-18 08:12:20.758,UPJDKPJ9IG,91282CFY2,IOC,OFFER,99.652344,1000000,0,N/A,0
2022-Dec-18 08:12:21.070,0N9HZ38OS6,91282CFY2,IOC,BID,99.683594,1000000,0,N/A,0
2022-Dec-18 08:12:21.394,M6Z85SY177,91282CFY2,IOC,OFFER,99.699219,1000000,0,N/A,0
2022-Dec-18 08:12:21.716,GM0MOAPW03,91282CFY2,IOC,BID,99.730469,1000000,0,N/A,0
2022-Dec-18 08:12:22.034,73PIBVDI4M,91282CFY2,IOC,OFFER,99.746094,1000000,0,N/A,0
2022-Dec-18 08:12:22.352,SLEA07NJ19,91282CFY2,IOC,BID,99.777344,1000000,0,N/A,0
2022-Dec-18 08:12:22.665,2TZ9HPTFXW,91282CFY2,IOC,OFFER,99.792969,1000000,0,N/A,0
2022-Dec-18 08:12:22.985,VAJHOX5E3S,91282CFY2,IOC,BID,99.824219,1000000,0,N/A,0
2022-Dec-18 08:12:23.306,LP5B1X48FU,91282CFY2,IOC,OFFER,99.839844,1000000,0,N/A,0
2022-Dec-18 08:12:23.628,HNVVWFNG64,91282CFY2,IOC,BID,99.871094,1000000,0,N/A,0
2022-Dec-18 08:12:23.949,3B7JKFA5HQ,91282CFY2,IOC,OFFER,99.886719,1000000,0,N/A,0
2022-Dec-18 08:12:24.267,SOJHLIOWBP,91282CFY2,IOC,BID,99.917969,1000000,0,N/A,0
2022-Dec-18 08:12:24.585,FIDZMOBVYG,91282CFY2,IOC,OFFER,99.933594,1000000,0,N/A,0
2022-Dec-18 08:12:24.902,OFRF9OL1PV,91282CFY2,IOC,BID,99.964844,1000000,0,N/A,0
2022-Dec-18 08:12:25.219,FLII3UEGCM,91282CFY2,IOC,OFFER,99.980469,1000000,0,N/A,0
2022-Dec-18 08:12:25.537,J1IP8VO29T,91282CFY2,IOC,BID,100.011719,1000000,0,N/A,0
2022-Dec-18 08:12:25.852,LSUM2IECZD,91282CFY2,IOC,OFFER,100.027344,1000000,0,N/A,0
2022-Dec-18 08:12:26.169,AN994EUIVE,91282CFY2,IOC,BID,100.058594,1000000,0,N/A,0
2022-Dec-18 08:12:26.478,E8B326EEYG,91282CFY2,IOC,OFFER,100.074219,1000000,0,N/A,0
2022-Dec-18 08:12:26.795,5NJ3E1J4ST,91282CFY2,IOC,BID,100.105469,1000000,0,N/A,0
2022-Dec-18 08:12:27.111,X43M80DF2W,91282CFY2,IOC,OFFER,100.121094,1000000,0,N/A,0
2022-Dec-18 08:12:27.425,TB2IOUF5AO,91282CFY2,IOC,BID,100.152344,1000000,0,N/A,0
2022-Dec-18 08:12:27.745,K03CTXC8QC,91282CFY2,IOC,OFFER,100.167969,1000000,0,N/A,0
2022-Dec-18 08:12:28.058,1DH3Y5I74J,91282CFY2,IOC,BID,100.199219,1000000,0,N/A,0
2022-Dec-18 08:12:28.377,X5N17BLFL3,91282CFY2,IOC,OFFER,100.214844,1000000,0,N/A,0
2022-Dec-18 08:12:28.694,L7MSJGO21F,91282CFY2,IOC,BID,100.246094,1000000,0,N/A,0
2022-Dec-18 08:12:29.007,B65CWQ0MCT,91282CFY2,IOC,OFFER,100.261719,1000000,0,N/A,0
2022-Dec-18 08:12:29.320,5K1ZJ4AAM6,91282CFY2,IOC,BID,100.292969,1000000,0,N/A,0
2022-Dec-18 08:12:29.640,LEU007TJDC,91282CFY2,IOC,OFFER,100.308594,1000000,0,N/A,0
2022-Dec-18 08:12:29.960,NSMNBBJM55,91282CFY2,IOC,BID,100.339844,1000000,0,N/A,0
2022-Dec-18 08:12:30.277,2LCBKXVCIY,91282CFY2,IOC,OFFER,100.355469,1000000,0,N/A,0
2022-Dec-18 08:12:30.594,VRWVOC2FBP,91282CFY2,IOC,BID,100.386719,1000000,0,N/A,0
2022-Dec-18 08:12:30.907,I44ML2I5PK,91282CFY2,IOC,OFFER,100.402344,1000000,0,N/A,0
2022-Dec-18 08:12:31.223,HU92GI7H6C,91282CFY2,IOC,BID,100.433594,1000000,0,N/A,0
2022-Dec-18 08:12:31.543,04557YP66W,91282CFY2,IOC,OFFER,100.449219,1000000,0,N/A,0
2022-Dec-18 08:12:31.855,O9G69L8V55,91282CFY2,IOC,BID,100.480469,1000000,0,N/A,0
2022-Dec-18 08:12:32.168,TF35TC6VLQ,91282CFY2,IOC,OFFER,100.496094,1000000,0,N/A,0
2022-Dec-18 08:12:32.481,718BTLZCGW,91282CFY2,IOC,BID,100.527344,1000000,0,N/A,0
2022-Dec-18 08:12:32.793,X2XZU8Q759,91282CFY2,IOC,OFFER,100.542969,1000000,0,N/A,0
2022-Dec-18 08:12:33.115,5JAY4J8P92,91282CFY2,IOC,BID,100.574219,1000000,0,N/A,0
2022-Dec-18 08:12:33.434,FIEJALCWUV,91282CFY2,IOC,OFFER,100.589844,1000000,0,N/A,0
2022-Dec-18 08:12:33.755,1UT0FZNCUO,91282CFY2,IOC,BID,100.621094,1000000,0,N/A,0
2022-Dec-18 08:12:34.074,0U8ZI0UROY,91282CFY2,IOC,OFFER,100.636719,1000000,0,N/A,0
2022-Dec-18 08:12:34.395,5YWCV5FK6G,91282CFY2,IOC,BID,100.667969,1000000,0,N/A,0
2022-Dec-18 08:12:34.710,1KU4SV9JQ0,91282CFY2,IOC,OFFER,100.683594,1000000,0,N/A,0
2022-Dec-18 08:12:35.025,AYJ1CAK1RC,91282CFY2,IOC,BID,100.714844,1000000,0,N/A,0
2022-Dec-18 08:12:35.343,GX9529CYGG,91282CFY2,IOC,OFFER,100.730469,1000000,0,N/A,0
2022-Dec-18 08:12:35.655,BC5JT4FSZ3,91282CFY2,IOC,BID,100.761719,1000000,0,N/A,0
2022-Dec-18 08:12:35.969,Z4PNF58OHM,91282CFY2,IOC,OFFER,100.777344,1000000,0,N/A,0
2022-Dec-18 08:12:36.284,UJ8A3CBMY7,91282CFY2,IOC,BID,100.808594,1000000,0,N/A,0
2022-Dec-18 08:12:36.599,USGEO6KOFA,91282CFY2,IOC,OFFER,100.824219,1000000,0,N/A,0
2022-Dec-18 08:12:36.917,4AE6UAC4F7,91282CFY2,IOC,BID,100.855469,1000000,0,N/A,0
2022-Dec-18 08:12:37.239,SCOXBKLFL7,91282CFY2,IOC,OFFER,100.871094,1000000,0,N/A,0
2022-Dec-18 08:12:37.559,RVXFUUQXTL,91282CFY2,IOC,BID,100.902344,1000000,0,N/A,0
2022-Dec-18 08:12:37.878,QU3RHVYG67,91282CFY2,IOC,OFFER,100.917969,1000000,0,N/A,0
2022-Dec-18 08:12:38.195,5V3N0XSO7A,91282CFY2,IOC,BID,100.949219,1000000,0,N/A,0
2022-Dec-18 08:12:38.515,AZOWURD1C1,91282CFY2,IOC,OFFER,100.964844,1000000,0,N/A,0
2022-Dec-18 08:12:38.839,3XGGX8TRI2,91282CFY2,IOC,BID,100.996094,1000000,0,N/A,0
2022-Dec-18 08:12:39.159,MA8LKJB3TJ,91282CFY2,IOC,OFFER,100.980469,1000000,0,N/A,0
2022-Dec-18 08:12:39.476,TEEA557IOI,91282CFY2,IOC,BID,100.964844,1000000,0,N/A,0
2022-Dec-18 08:12:39.796,V9JHS88VDJ,91282CFY2,IOC,OFFER,100.933594,1000000,0,N/A,0
2022-Dec-18 08:12:40.115,55FS7RO26R,91282CFY2,IOC,BID,100.917969,1000000,0,N/A,0
2022-Dec-18 08:12:40.425,U9QLDA8SQC,91282CFY2,IOC,OFFER,100.886719,1000000,0,N/A,0
2022-Dec-18 08:12:40.743,NY47TB83N8,91282CFY2,IOC,BID,100.871094,1000000,0,N/A,0
2022-Dec-18 08:12:41.060,23NRCV6UI6,91282CFY2,IOC,OFFER,100.839844,1000000,0,N/A,0
2022-Dec-18 08:12:41.377,DH8YM7MGQX,91282CFY2,IOC,BID,100.824219,1000000,0,N/A,0
2022-Dec-18 08:12:41.692,X0PCHDNNA5,91282CFY2,IOC,OFFER,100.792969,1000000,0,N/A,0
2022-Dec-18 08:12:42.007,XL1G1NRBEV,91282CFY2,IOC,BID,100.777344,1000000,0,N/A,0
2022-Dec-18 08:12:42.323,U8Y0CI6VUD,91282CFY2,IOC,OFFER,100.746094,1000000,0,N/A,0
2022-Dec-18 08:12:42.641,DSL8R4E1NA,91282CFY2,IOC,BID,100.730469,1000000,0,N/A,0
2022-Dec-18 08:12:42.951,GZBMWLC88W,91282CFY2,IOC,OFFER,100.699219,1000000,0,N/A,0
2022-Dec-18 08:12:43.271,BF0CH0L1X9,91282CFY2,IOC,BID,100.683594,1000000,0,N/A,0
2022-Dec-18 08:12:43.592,WYHTIFTC2W,91282CFY2,IOC,OFFER,100.652344,1000000,0,N/A,0
2022-Dec-18 08:12:43.907,YDIPRWQFIY,91282CFY2,IOC,BID,100.636719,1000000,0,N/A,0
2022-Dec-18 08:12:44.225,48577SN324,91282CFY2,IOC,OFFER,100.605469,1000000,0,N/A,0
2022-Dec-18 08:12:44.541,OYOLCBJPIZ,91282CFY2,IOC,BID,100.589844,1000000,0,N/A,0
2022-Dec-18 08:12:44.865,DIZB4QKDVW,91282CFY2,IOC,OFFER,100.558594,1000000,0,N/A,0
2022-Dec-18 08:12:45.190,4Y81PSGDBV,91282CFY2,IOC,BID,100.542969,1000000,0,N/A,0
2022-Dec-18 08:12:45.501,DJAYVWQNI7,91282CFY2,IOC,OFFER,100.511719,1000000,0,N/A,0
2022-Dec-18 08:12:45.821,TYLAIDNZUJ,91282CFY2,IOC,BID,100.496094,1000000,0,N/A,0
2022-Dec-18 08:12:46.139,T2VFZUWNFE,91282CFY2,IOC,OFFER,100.464844,1000000,0,N/A,0
2022-Dec-18 08:12:46.458,NO6HVPVZ72,91282CFY2,IOC,BID,100.449219,1000000,0,N/A,0
2022-Dec-18 08:12:46.774,E9JYAK1IWN,91282CFY2,IOC,OFFER,100.417969,1000000,0,N/A,0
2022-Dec-18 08:12:47.098,B6L4PA1FA7,91282CFY2,IOC,BID,100.402344,1000000,0,N/A,0
2022-Dec-18 08:12:47.423,T1DH766R49,91282CFY2,IOC,OFFER,100.371094,1000000,0,N/A,0
2022-Dec-18 08:12:47.743,QCY1GL6VFX,91282CFY2,IOC,BID,100.355469,1000000,0,N/A,0
2022-Dec-18 08:12:48.053,ZKZ4HOZVHZ,91282CFY2,IOC,OFFER,100.324219,1000000,0,N/A,0
2022-Dec-18 08:12:48.374,AQCB44V4W0,91282CFY2,IOC,BID,100.308594,1000000,0,N/A,0
2022-Dec-18 08:12:48.694,740VUJWVQS,91282CFY2,IOC,OFFER,100.277344,1000000,0,N/A,0
2022-Dec-18 08:12:49.013,YPGQYR13P0,91282CFY2,IOC,BID,100.261719,1000000,0,N/A,0
2022-Dec-18 08:12:49.326,7GZWDDL2X8,91282CFY2,IOC,OFFER,100.230469,1000000,0,N/A,0
2022-Dec-18 08:12:49.640,Y1A5KIK7IY,91282CFY2,IOC,BID,100.214844,1000000,0,N/A,0
2022-Dec-18 08:12:49.957,5SRUSJVS3E,91282CFY2,IOC,OFFER,100.183594,1000000,0,N/A,0
2022-Dec-18 08:12:50.268,LTPXNVUIOG,91282CFY2,IOC,BID,100.167969,1000000,0,N/A,0
2022-Dec-18 08:12:50.585,QTQ0PNI9D4,91282CFY2,IOC,OFFER,100.136719,1000000,0,N/A,0
2022-Dec-18 08:12:50.907,5VK2EVTE93,91282CFY2,IOC,BID,100.121094,1000000,0,N/A,0
2022-Dec-18 08:12:51.227,80SPLE30N7,91282CFY2,IOC,OFFER,100.089844,1000000,0,N/A,0
2022-Dec-18 08:12:51.548,UTYZ8TVJQ6,91282CFY2,IOC,BID,100.074219,1000000,0,N/A,0
2022-Dec-18 08:12:51.868,MAIOZ378ZV,91282CFY2,IOC,OFFER,100.042969,1000000,0,N/A,0
2022-Dec-18 08:12:52.179,2V08HAUP10,91282CFY2,IOC,BID,100.027344,1000000,0,N/A,0
2022-Dec-18 08:12:52.491,DURU0WJK65,91282CFY2,IOC,OFFER,99.996094,1000000,0,N/A,0
2022-Dec-18 08:12:52.811,ZFQXAHQPFT,91282CFY2,IOC,BID,99.980469,1000000,0,N/A,0
2022-Dec-18 08:12:53.123,46J5UGJ68X,91282CFY2,IOC,OFFER,99.949219,1000000,0,N/A,0
2022-Dec-18 08:12:53.440,E48UIC5ZMJ,91282CFY2,IOC,BID,99.933594,1000000,0,N/A,0
2022-Dec-18 08:12:53.765,DDA2HM67S1,91282CFY2,IOC,OFFER,99.902344,1000000,0,N/A,0
2022-Dec-18 08:12:54.085,BIRPO26558,91282CFY2,IOC,BID,99.886719,1000000,0,N/A,0
2022-Dec-18 08:12:54.406,YSHXEWPC4P,91282CFY2,IOC,OFFER,99.855469,1000000,0,N/A,0
2022-Dec-18 08:12:54.723,C1M3QO3XGE,91282CFY2,IOC,BID,99.839844,1000000,0,N/A,0
2022-Dec-18 08:12:55.048,5OGO04GIHL,91282CFY2,IOC,OFFER,99.808594,1000000,0,N/A,0
2022-Dec-18 08:12:55.360,JP1G22735B,91282CFY2,IOC,BID,99.792969,1000000,0,N/A,0
2022-Dec-18 08:12:55.681,UUFVG77GBL,91282CFY2,IOC,OFFER,99.761719,1000000,0,N/A,0
2022-Dec-18 08:12:56.001,NB3POGESZS,91282CFY2,IOC,BID,99.746094,1000000,0,N/A,0
2022-Dec-18 08:12:56.319,ROFVPXDYWF,91282CFY2,IOC,OFFER,99.714844,1000000,0,N/A,0
2022-Dec-18 08:12:56.640,QCZQQPPVT5,91282CFY2,IOC,BID,99.699219,1000000,0,N/A,0
2022-Dec-18 08:12:56.960,RRIK8G4UX8,91282CFY2,IOC,OFFER,99.667969,1000000,0,N/A,0
2022-Dec-18 08:12:57.281,JRJR2RGU0U,91282CFY2,IOC,BID,99.652344,1000000,0,N/A,0
2022-Dec-18 08:12:57.604,KR01VGL3SK,91282CFY2,IOC,OFFER,99.621094,1000000,0,N/A,0
2022-Dec-18 08:12:57.931,6POLORX4ZT,91282CFY2,IOC,BID,99.605469,1000000,0,N/A,0
2022-Dec-18 08:12:58.248,2DN45BJMEC,91282CFY2,IOC,OFFER,99.574219,1000000,0,N/A,0
2022-Dec-18 08:12:58.567,AWHDV3JR3B,91282CFY2,IOC,BID,99.558594,1000000,0,N/A,0
2022-Dec-18 08:12:58.881,PVINO4KETQ,91282CFY2,IOC,OFFER,99.527344,1000000,0,N/A,0
2022-Dec-18 08:12:59.206,IHJA2CLSJX,91282CFY2,IOC,BID,99.511719,1000000,0,N/A,0
2022-Dec-18 08:12:59.524,UHJAZT427A,91282CFY2,IOC,OFFER,99.480469,1000000,0,N/A,0
2022-Dec-18 08:12:59.836,1KEAV9O030,91282CFY2,IOC,BID,99.464844,1000000,0,N/A,0
2022-Dec-18 08:13:00.156,L0Z1UGZ5AQ,91282CFY2,IOC,OFFER,99.433594,1000000,0,N/A,0
2022-Dec-18 08:13:00.475,XXIR9PYZJH,91282CFY2,IOC,BID,99.417969,1000000,0,N/A,0
2022-Dec-18 08:13:00.790,EG730YKGNK,91282CFY2,IOC,OFFER,99.386719,1000000,0,N/A,0
2022-Dec-18 08:13:01.098,KOY1DUL3IG,91282CFV8,IOC,BID,99.371094,1000000,0,N/A,0
2022-Dec-18 08:13:01.412,1FM62BULFO,91282CFV8,IOC,OFFER,99.339844,1000000,0,N/A,0
2022-Dec-18 08:13:01.727,V6O9DYL938,91282CFV8,IOC,BID,99.324219,1000000,0,N/A,0
2022-Dec-18 08:13:02.051,ZT6XT21BRN,91282CFV8,IOC,OFFER,99.292969,1000000,0,N/A,0
2022-Dec-18 08:13:02.365,D2HCUX2QF4,91282CFV8,IOC,BID,99.277344,1000000,0,N/A,0
2022-Dec-18 08:13:02.676,9HNTFJ10GE,91282CFV8,IOC,OFFER,99.246094,1000000,0,N/A,0
2022-Dec-18 08:13:03.001,EJQHTL7ZHG,91282CFV8,IOC,BID,99.230469,1000000,0,N/A,0
2022-Dec-18 08:13:03.315,K1CBW0XUHJ,91282CFV8,IOC,OFFER,99.199219,1000000,0,N/A,0
2022-Dec-18 08:13:03.634,ZYW3U5X2SK,91282CFV8,IOC,BID,99.183594,1000000,0,N/A,0
2022-Dec-18 08:13:03.951,7WDTTZ80QV,91282CFV8,IOC,OFFER,99.152344,1000000,0,N/A,0
2022-Dec-18 08:13:04.267,F7GFKD3GG0,91282CFV8,IOC,BID,99.136719,1000000,0,N/A,0
2022-Dec-18 08:13:04.581,UUTDR8ZTNM,91282CFV8,IOC,OFFER,99.105469,1000000,0,N/A,0
2022-Dec-18 08:13:04.894,UE22WY4WES,91282CFV8,IOC,BID,99.089844,1000000,0,N/A,0
2022-Dec-18 08:13:05.211,GNJZMAAH9Y,91282CFV8,IOC,OFFER,99.058594,1000000,0,N/A,0
2022-Dec-18 08:13:05.530,7K4Z7HKCFL,91282CFV8,IOC,BID,99.042969,1000000,0,N/A,0
2022-Dec-18 08:13:05.849,EYDYJNEW12,91282CFV8,IOC,OFFER,99.011719,1000000,0,N/A,0
2022-Dec-18 08:13:06.166,DJUEDXI5HN,91282CFV8,IOC,BID,99.011719,1000000,0,N/A,0
2022-Dec-18 08:13:06.474,I82P2ME2YK,91282CFV8,IOC,OFFER,99.027344,1000000,0,N/A,0
2022-Dec-18 08:13:06.791,VD4ROE927J,91282CFV8,IOC,BID,99.058594,1000000,0,N/A,0
2022-Dec-18 08:13:07.108,3O4HBILP79,91282CFV8,IOC,OFFER,99.074219,1000000,0,N/A,0
2022-Dec-18 08:13:07.430,EJ022Q3PBA,91282CFV8,IOC,BID,99.105469,1000000,0,N/A,0
2022-Dec-18 08:13:07.745,KP4Z87PNVV,91282CFV8,IOC,OFFER,99.121094,1000000,0,N/A,0
2022-Dec-18 08:13:08.069,0FH85598TF,91282CFV8,IOC,BID,99.152344,1000000,0,N/A,0
2022-Dec-18 08:13:08.388,72Y5V8UR0G,91282CFV8,IOC,OFFER,99.167969,1000000,0,N/A,0
2022-Dec-18 08:13:08.710,VM3GAD79G8,91282CFV8,IOC,BID,99.199219,1000000,0,N/A,0
2022-Dec-18 08:13:09.029,01NJKO7ZLM,91282CFV8,IOC,OFFER,99.214844,1000000,0,N/A,0
2022-Dec-18 08:13:09.351,W7FHWVAEG4,91282CFV8,IOC,BID,99.246094,1000000,0,N/A,0
2022-Dec-18 08:13:09.671,QQVDKNWCQW,91282CFV8,IOC,OFFER,99.261719,1000000,0,N/A,0
2022-Dec-18 08:13:09.990,BTFSZZS1OJ,91282CFV8,IOC,BID,99.292969,1000000,0,N/A,0
2022-Dec-18 08:13:10.305,G95ZEJAM6C,91282CFV8,IOC,OFFER,99.308594,1000000,0,N/A,0
2022-Dec-18 08:13:10.625,JFW1VDC0NO,91282CFV8,IOC,BID,99.339844,1000000,0,N/A,0
2022-Dec-18 08:13:10.941,V999CI4GDK,91282CFV8,IOC,OFFER,99.355469,1000000,0,N/A,0
2022-Dec-18 08:13:11.268,MZRVJKULDE,91282CFV8,IOC,BID,99.386719,1000000,0,N/A,0
2022-Dec-18 08:13:11.585,ALIU1TZOMH,91282CFV8,IOC,OFFER,99.402344,1000000,0,N/A,0
2022-Dec-18 08:13:11.901,B57N9OWYKP,91282CFV8,IOC,BID,99.433594,1000000,0,N/A,0
2022-Dec-18 08:13:12.213,0R2H6LHSEZ,91282CFV8,IOC,OFFER,99.449219,1000000,0,N/A,0
2022-Dec-18 08:13:12.529,KQRTHR307B,91282CFV8,IOC,BID,99.480469,1000000,0,N/A,0
2022-Dec-18 08:13:12.847,9MFJB9D7HO,91282CFV8,IOC,OFFER,99.496094,1000000,0,N/A,0
2022-Dec-18 08:13:13.168,LPP5QSYTRA,91282CFV8,IOC,BID,99.527344,1000000,0,N/A,0
2022-Dec-18 08:13:13.485,3MRC61ZKSW,91282CFV8,IOC,OFFER,99.542969,1000000,0,N/A,0
2022-Dec-18 08:13:13.810,P3SKIT56C5,91282CFV8,IOC,BID,99.574219,1000000,0,N/A,0
2022-Dec-18 08:13:14.123,BA34IKGLP3,91282CFV8,IOC,OFFER,99.589844,1000000,0,N/A,0
2022-Dec-18 08:13:14.437,1WFU5RDJFL,91282CFV8,IOC,BID,99.621094,1000000,0,N/A,0
2022-Dec-18 08:13:14.747,ASADI4L382,91282CFV8,IOC,OFFER,99.636719,1000000,0,N/A,0
2022-Dec-18 08:13:15.071,8QIODIYUBY,91282CFV8,IOC,BID,99.667969,1000000,0,N/A,0
2022-Dec-18 08:13:15.391,R2EX1SWRWD,91282CFV8,IOC,OFFER,99.683594,1000000,0,N/A,0
2022-Dec-18 08:13:15.706,U31L756H7Y,91282CFV8,IOC,BID,99.714844,1000000,0,N/A,0
2022-Dec-18 08:13:16.016,CF4X7ZZBJX,91282CFV8,IOC,OFFER,99.730469,1000000,0,N/A,0
2022-Dec-18 08:13:16.337,I0Z7P5CRYA,91282CFV8,IOC,BID,99.761719,1000000,0,N/A,0
2022-Dec-18 08:13:16.656,UH3N54OTF9,91282CFV8,IOC,OFFER,99.777344,1000000,0,N/A,0
2022-Dec-18 08:13:16.974,PAUHQPXHM8,91282CFV8,IOC,BID,99.808594,1000000,0,N/A,0
2022-Dec-18 08:13:17.290,J9S1I67EH4,91282CFV8,IOC,OFFER,99.824219,1000000,0,N/A,0
2022-Dec-18 08:13:17.608,B3EYE87BQ4,91282CFV8,IOC,BID,99.855469,1000000,0,N/A,0
2022-Dec-18 08:13:17.920,VTRW5TSOZJ,91282CFV8,IOC,OFFER,99.871094,1000000,0,N/A,0
2022-Dec-18 08:13:18.244,CBCVKY9MXF,91282CFV8,IOC,BID,99.902344,1000000,0,N/A,0
2022-Dec-18 08:13:18.567,KNPAVR0815,91282CFV8,IOC,OFFER,99.917969,1000000,0,N/A,0
2022-Dec-18 08:13:18.886,00CO945YTC,91282CFV8,IOC,BID,99.949219,1000000,0,N/A,0
2022-Dec-18 08:13:19.199,3OTBPG5FZF,91282CFV8,IOC,OFFER,99.964844,1000000,0,N/A,0
2022-Dec-18 08:13:19.517,LJQ89UGJQS,91282CFV8,IOC,BID,99.996094,1000000,0,N/A,0
2022-Dec-18 08:13:19.836,P0NY0UU0JC,91282CFV8,IOC,OFFER,100.011719,1000000,0,N/A,0
2022-Dec-18 08:13:20.161,CYR8NYT3D6,91282CFV8,IOC,BID,100.042969,1000000,0,N/A,0
2022-Dec-18 08:13:20.473,ZLI6ZRCM0J,91282CFV8,IOC,OFFER,100.058594,1000000,0,N/A,0
2022-Dec-18 08:13:20.794,W5E6TJKD0J,91282CFV8,IOC,BID,100.089844,1000000,0,N/A,0
2022-Dec-18 08:13:21.111,1VLJFN7XI1,91282CFV8,IOC,OFFER,100.105469,1000000,0,N/A,0
2022-Dec-18 08:13:21.431,DU46ZZAV89,91282CFV8,IOC,BID,100.136719,1000000,0,N/A,0
2022-Dec-18 08:13:21.750,EAP3QOJ18M,91282CFV8,IOC,OFFER,100.152344,1000000,0,N/A,0
2022-Dec-18 08:13:22.067,08VV4UD0UA,91282CFV8,IOC,BID,100.183594,1000000,0,N/A,0
2022-Dec-18 08:13:22.385,E4UIGF81JA,91282CFV8,IOC,OFFER,100.199219,1000000,0,N/A,0
2022-Dec-18 08:13:22.703,BO4C4B8C7J,91282CFV8,IOC,BID,100.230469,1000000,0,N/A,0
2022-Dec-18 08:13:23.026,QDA6XKD4P5,91282CFV8,IOC,OFFER,100.246094,1000000,0,N/A,0
2022-Dec-18 08:13:23.344,RWH8RK226D,91282CFV8,IOC,BID,100.277344,1000000,0,N/A,0
2022-Dec-18 08:13:23.669,KWQXJT08E4,91282CFV8,IOC,OFFER,100.292969,1000000,0,N/A,0
2022-Dec-18 08:13:23.985,WTMKYTNNLV,91282CFV8,IOC,BID,100.324219,1000000,0,N/A,0
2022-Dec-18 08:13:24.302,TRRK2VXSLU,91282CFV8,IOC,OFFER,100.339844,1000000,0,N/A,0
2022-Dec-18 08:13:24.617,W3GKRYH74K,91282CFV8,IOC,BID,100.371094,1000000,0,N/A,0
2022-Dec-18 08:13:24.940,G66X7EOZVJ,91282CFV8,IOC,OFFER,100.386719,1000000,0,N/A,0
2022-Dec-18 08:13:25.264,2JIW04W80K,91282CFV8,IOC,BID,100.417969,1000000,0,N/A,0
2022-Dec-18 08:13:25.588,IBGKEVGZ0R,91282CFV8,IOC,OFFER,100.433594,1000000,0,N/A,0
2022-Dec-18 08:13:25.902,EG68FJPO0T,91282CFV8,IOC,BID,100.464844,1000000,0,N/A,0
2022-Dec-18 08:13:26.223,3PC9IZE3FK,91282CFV8,IOC,OFFER,100.480469,1000000,0,N/A,0
2022-Dec-18 08:13:26.540,HHUI66S5CG,91282CFV8,IOC,BID,100.511719,1000000,0,N/A,0
2022-Dec-18 08:13:26.856,8KP8IIYKWV,91282CFV8,IOC,OFFER,100.527344,1000000,0,N/A,0
2022-Dec-18 08:13:27.174,L8XBXVV7N8,91282CFV8,IOC,BID,100.558594,1000000,0,N/A,0
2022-Dec-18 08:13:27.493,UQEFEX48US,91282CFV8,IOC,OFFER,100.574219,1000000,0,N/A,0
2022-Dec-18 08:13:27.810,DTZHIXAVA1,91282CFV8,IOC,BID,100.605469,1000000,0,N/A,0
2022-Dec-18 08:13:28.123,YUE0E5OOLX,91282CFV8,IOC,OFFER,100.621094,1000000,0,N/A,0
2022-Dec-18 08:13:28.443,K4RIEFLS6L,91282CFV8,IOC,BID,100.652344,1000000,0,N/A,0
2022-Dec-18 08:13:28.764,DAPW5EJDS0,91282CFV8,IOC,OFFER,100.667969,1000000,0,N/A,0
2022-Dec-18 08:13:29.085,O6HP23RPOG,91282CFV8,IOC,BID,100.699219,1000000,0,N/A,0
2022-Dec-18 08:13:29.402,ES0GC8WY9G,91282CFV8,IOC,OFFER,100.714844,1000000,0,N/A,0
2022-Dec-18 08:13:29.724,0CPR85LWE2,91282CFV8,IOC,BID,100.746094,1000000,0,N/A,0
2022-Dec-18 08:13:30.040,KKLIKMFXAE,91282CFV8,IOC,OFFER,100.761719,1000000,0,N/A,0
2022-Dec-18 08:13:30.356,GP8OOVK9JG,91282CFV8,IOC,BID,100.792969,1000000,0,N/A,0
2022-Dec-18 08:13:30.676,50ITAG5SYJ,91282CFV8,IOC,OFFER,100.808594,1000000,0,N/A,0
2022-Dec-18 08:13:30.991,LW19N9LY3N,91282CFV8,IOC,BID,100.839844,1000000,0,N/A,0
2022-Dec-18 08:13:31.309,5NI4OVJ5ZB,91282CFV8,IOC,OFFER,100.855469,1000000,0,N/A,0
2022-Dec-18 08:13:31.627,5L3WWTN5BB,91282CFV8,IOC,BID,100.886719,1000000,0,N/A,0
2022-Dec-18 08:13:31.943,2YHT9KF01T,91282CFV8,IOC,OFFER,100.902344,1000000,0,N/A,0
2022-Dec-18 08:13:32.264,G2PVIAJ0HE,91282CFV8,IOC,BID,100.933594,1000000,0,N/A,0
2022-Dec-18 08:13:32.586,2G0ZNH3SK9,91282CFV8,IOC,OFFER,100.949219,1000000,0,N/A,0
2022-Dec-18 08:13:32.901,9J7Y3IJSUA,91282CFV8,IOC,BID,100.980469,1000000,0,N/A,0
2022-Dec-18 08:13:33.208,IASR0SJ5E5,91282CFV8,IOC,OFFER,100.996094,1000000,0,N/A,0
2022-Dec-18 08:13:33.525,8UWDTM1WVX,91282CFV8,IOC,BID,100.980469,1000000,0,N/A,0
2022-Dec-18 08:13:33.841,JZJIDWKAWJ,91282CFV8,IOC,OFFER,100.949219,1000000,0,N/A,0
2022-Dec-18 08:13:34.159,KXG8IVKGQJ,91282CFV8,IOC,BID,100.933594,1000000,0,N/A,0
2022-Dec-18 08:13:34.476,JOBAUBKM40,91282CFV8,IOC,OFFER,100.902344,1000000,0,N/A,0
2022-Dec-18 08:13:34.796,XL7XJVXXNI,91282CFV8,IOC,BID,100.886719,1000000,0,N/A,0
2022-Dec-18 08:13:35.109,V0BX4U01UW,91282CFV8,IOC,OFFER,100.855469,1000000,0,N/A,0
2022-Dec-18 08:13:35.425,077BOITVYR,91282CFV8,IOC,BID,100.839844,1000000,0,N/A,0
2022-Dec-18 08:13:35.736,GYDP1XQXMG,91282CFV8,IOC,OFFER,100.808594,1000000,0,N/A,0
2022-Dec-18 08:13:36.059,I3C3GSY1EP,91282CFV8,IOC,BID,100.792969,1000000,0,N/A,0
2022-Dec-18 08:13:36.384,GGKH299FA2,91282CFV8,IOC,OFFER,100.761719,1000000,0,N/A,0
2022-Dec-18 08:13:36.704,KRS8GJE2RC,91282CFV8,IOC,BID,100.746094,1000000,0,N/A,0
2022-Dec-18 08:13:37.027,DMR0MIAZQF,91282CFV8,IOC,OFFER,100.714844,1000000,0,N/A,0
2022-Dec-18 08:13:37.346,UKZY2I4UYP,91282CFV8,IOC,BID,100.699219,1000000,0,N/A,0
2022-Dec-18 08:13:37.668,GRA62ILGC7,91282CFV8,IOC,OFFER,100.667969,1000000,0,N/A,0
2022-Dec-18 08:13:37.989,UJZWNOWWRI,91282CFV8,IOC,BID,100.652344,1000000,0,N/A,0
2022-Dec-18 08:13:38.300,XGCHYNCM94,91282CFV8,IOC,OFFER,100.621094,1000000,0,N/A,0
2022-Dec-18 08:13:38.617,GBQ3OS6ELJ,91282CFV8,IOC,BID,100.605469,1000000,0,N/A,0
2022-Dec-18 08:13:38.935,JUMUAA5F8D,91282CFV8,IOC,OFFER,100.574219,1000000,0,N/A,0
2022-Dec-18 08:13:39.255,RWPBU4SK3H,91282CFV8,IOC,BID,100.558594,1000000,0,N/A,0
2022-Dec-18 08:13:39.572,MW2L9VO1WK,91282CFV8,IOC,OFFER,100.527344,1000000,0,N/A,0
2022-Dec-18 08:13:39.892,R4TSX6FJ3H,91282CFV8,IOC,BID,100.511719,1000000,0,N/A,0
2022-Dec-18 08:13:40.213,VLW3WIPTQ6,91282CFV8,IOC,OFFER,100.480469,1000000,0,N/A,0
2022-Dec-18 08:13:40.534,J8WIF3N5Y8,91282CFV8,IOC,BID,100.464844,1000000,0,N/A,0
2022-Dec-18 08:13:40.847,QI5R7E86AS,91282CFV8,IOC,OFFER,100.433594,1000000,0,N/A,0
2022-Dec-18 08:13:41.162,ZDZ0MYCE1I,91282CFV8,IOC,BID,100.417969,1000000,0,N/A,0
2022-Dec-18 08:13:41.480,EMDUROJFP7,91282CFV8,IOC,OFFER,100.386719,1000000,0,N/A,0
2022-Dec-18 08:13:41.800,5XMK0UA7HS,91282CFV8,IOC,BID,100.371094,1000000,0,N/A,0
2022-Dec-18 08:13:42.122,3Y8ZJLNT3Q,91282CFV8,IOC,OFFER,100.339844,1000000,0,N/A,0
2022-Dec-18 08:13:42.442,PHY7UDLN12,91282CFV8,IOC,BID,100.324219,1000000,0,N/A,0
2022-Dec-18 08:13:42.759,BEGTIR406W,91282CFV8,IOC,OFFER,100.292969,1000000,0,N/A,0
2022-Dec-18 08:13:43.074,H165P7KCLZ,91282CFV8,IOC,BID,100.277344,1000000,0,N/A,0
2022-Dec-18 08:13:43.397,JPIP4KQ3T7,91282CFV8,IOC,OFFER,100.246094,1000000,0,N/A,0
2022-Dec-18 08:13:43.719,AZ3RESMJTX,91282CFV8,IOC,BID,100.230469,1000000,0,N/A,0
2022-Dec-18 08:13:44.041,AP6URR2W8G,91282CFV8,IOC,OFFER,100.199219,1000000,0,N/A,0
2022-Dec-18 08:13:44.362,CJJUHJQKSL,91282CFV8,IOC,BID,100.183594,1000000,0,N/A,0
2022-Dec-18 08:13:44.683,0OX1BK66SV,91282CFV8,IOC,OFFER,100.152344,1000000,0,N/A,0
2022-Dec-18 08:13:45.001,PH5YQUNSJ8,91282CFV8,IOC,BID,100.136719,1000000,0,N/A,0
2022-Dec-18 08:13:45.320,XQG7B305E5,91282CFV8,IOC,OFFER,100.105469,1000000,0,N/A,0
2022-Dec-18 08:13:45.641,82YOUOYRZM,91282CFV8,IOC,BID,100.089844,1000000,0,N/A,0
2022-Dec-18 08:13:45.963,5MM7Z9TERM,91282CFV8,IOC,OFFER,100.058594,1000000,0,N/A,0
2022-Dec-18 08:13:46.272,1ZUDXDX680,91282CFV8,IOC,BID,100.042969,1000000,0,N/A,0
2022-Dec-18 08:13:46.591,EOXAPHC3KV,91282CFV8,IOC,OFFER,100.011719,1000000,0,N/A,0
2022-Dec-18 08:13:46.904,0HVCR83H9Y,91282CFV8,IOC,BID,99.996094,1000000,0,N/A,0
2022-Dec-18 08:13:47.224,FV50SSLEL1,91282CFV8,IOC,OFFER,99.964844,1000000,0,N/A,0
2022-Dec-18 08:13:47.547,GY6NR9BBJR,91282CFV8,IOC,BID,99.949219,1000000,0,N/A,0
2022-Dec-18 08:13:47.872,TNB5X6AXRN,91282CFV8,IOC,OFFER,99.917969,1000000,0,N/A,0
2022-Dec-18 08:13:48.190,XIM4C1PFDJ,91282CFV8,IOC,BID,99.902344,1000000,0,N/A,0
2022-Dec-18 08:13:48.503,84SX3ID6BD,91282CFV8,IOC,OFFER,99.871094,1000000,0,N/A,0
2022-Dec-18 08:13:48.816,EVYWAEWXGL,91282CFV8,IOC,BID,99.855469,1000000,0,N/A,0
2022-Dec-18 08:13:49.132,BHJL8T76QT,91282CFV8,IOC,OFFER,99.824219,1000000,0,N/A,0
2022-Dec-18 08:13:49.447,8H65ZD1QPH,91282CFV8,IOC,BID,99.808594,1000000,0,N/A,0
2022-Dec-18 08:13:49.766,NLGXEFQZ5V,91282CFV8,IOC,OFFER,99.777344,1000000,0,N/A,0
2022-Dec-18 08:13:50.081,U9ODSP2U28,91282CFV8,IOC,BID,99.761719,1000000,0,N/A,0
2022-Dec-18 08:13:50.397,3C67OGGR1C,91282CFV8,IOC,OFFER,99.730469,1000000,0,N/A,0
2022-Dec-18 08:13:50.712,1T1AOZU6HA,91282CFV8,IOC,BID,99.714844,1000000,0,N/A,0
2022-Dec-18 08:13:51.032,R0S372KZKZ,91282CFV8,IOC,OFFER,99.683594,1000000,0,N/A,0
2022-Dec-18 08:13:51.349,XOLNN8T6KP,91282CFV8,IOC,BID,99.667969,1000000,0,N/A,0
2022-Dec-18 08:13:51.662,490EEW0XF1,91282CFV8,IOC,OFFER,99.636719,1000000,0,N/A,0
2022-Dec-18 08:13:51.975,OYTFOLJIB9,91282CFV8,IOC,BID,99.621094,1000000,0,N/A,0
2022-Dec-18 08:13:52.297,ID7RZLVXJ8,91282CFV8,IOC,OFFER,99.589844,1000000,0,N/A,0
2022-Dec-18 08:13:52.615,A5JB7D7TAA,91282CFV8,IOC,BID,99.574219,1000000,0,N/A,0
2022-Dec-18 08:13:52.929,V4P73UIGHI,91282CFV8,IOC,OFFER,99.542969,1000000,0,N/A,0
2022-Dec-18 08:13:53.249,4WA9TRE5MY,91282CFV8,IOC,BID,99.527344,1000000,0,N/A,0
2022-Dec-18 08:13:53.569,DQ2IZXUQ93,91282CFV8,IOC,OFFER,99.496094,1000000,0,N/A,0
2022-Dec-18 08:13:53.889,RDSI8UKDF1,91282CFV8,IOC,BID,99.480469,1000000,0,N/A,0
2022-Dec-18 08:13:54.211,V8J66K1P9C,912810TM0,IOC,OFFER,99.449219,1000000,0,N/A,0
2022-Dec-18 08:13:54.523,YR3X68BBT6,912810TM0,IOC,BID,99.433594,1000000,0,N/A,0
2022-Dec-18 08:13:54.839,Y30P7GHNWN,912810TM0,IOC,OFFER,99.402344,1000000,0,N/A,0
2022-Dec-18 08:13:55.161,SCDYI7RR7T,912810TM0,IOC,BID,99.386719,1000000,0,N/A,0
2022-Dec-18 08:13:55.482,E37BSO7I4B,912810TM0,IOC,OFFER,99.355469,1000000,0,N/A,0
2022-Dec-18 08:13:55.796,JQM345DKQ1,912810TM0,IOC,BID,99.339844,1000000,0,N/A,0
2022-Dec-18 08:13:56.103,GU30T262XF,912810TM0,IOC,OFFER,99.308594,1000000,0,N/A,0
2022-Dec-18 08:13:56.416,HP8SCUXKUD,912810TM0,IOC,BID,99.292969,1000000,0,N/A,0
2022-Dec-18 08:13:56.732,OVZ3JFLFU9,912810TM0,IOC,OFFER,99.261719,1000000,0,N/A,0
2022-Dec-18 08:13:57.039,TIOQFL1O0I,912810TM0,IOC,BID,99.246094,1000000,0,N/A,0
2022-Dec-18 08:13:57.350,NK81X49RBS,912810TM0,IOC,OFFER,99.214844,1000000,0,N/A,0
2022-Dec-18 08:13:57.666,6V97A1U19T,912810TM0,IOC,BID,99.199219,1000000,0,N/A,0
2022-Dec-18 08:13:57.989,XSFP8486QD,912810TM0,IOC,OFFER,99.167969,1000000,0,N/A,0
2022-Dec-18 08:13:58.300,9KGYH71ZCL,912810TM0,IOC,BID,99.152344,1000000,0,N/A,0
2022-Dec-18 08:13:58.608,BOI5C0N9W2,912810TM0,IOC,OFFER,99.121094,1000000,0,N/A,0
2022-Dec-18 08:13:58.921,NMO9XSXU15,912810TM0,IOC,BID,99.105469,1000000,0,N/A,0
2022-Dec-18 08:13:59.239,X1SPTR7LX4,912810TM0,IOC,OFFER,99.074219,1000000,0,N/A,0
2022-Dec-18 08:13:59.555,QXFY346F20,912810TM0,IOC,BID,99.058594,1000000,0,N/A,0
2022-Dec-18 08:13:59.872,NXAT2RJ1FU,912810TM0,IOC,OFFER,99.027344,1000000,0,N/A,0
2022-Dec-18 08:14:00.194,9MQHH9B2LW,912810TM0,IOC,BID,99.011719,1000000,0,N/A,0
2022-Dec-18 08:14:00.510,M4DXWAMYVO,912810TM0,IOC,OFFER,99.011719,1000000,0,N/A,0
2022-Dec-18 08:14:00.823,YQDSMNG8XT,912810TM0,IOC,BID,99.042969,1000000,0,N/A,0
2022-Dec-18 08:14:01.137,5M5TIMSPNV,912810TM0,IOC,OFFER,99.058594,1000000,0,N/A,0
2022-Dec-18 08:14:01.449,L7RY1YWE0S,912810TM0,IOC,BID,99.089844,1000000,0,N/A,0
2022-Dec-18 08:14:01.769,ZHO6TL1IZY,912810TM0,IOC,OFFER,99.105469,1000000,0,N/A,0
2022-Dec-18 08:14:02.083,XEKJT3327X,912810TM0,IOC,BID,99.136719,1000000,0,N/A,0
2022-Dec-18 08:14:02.399,OUVRL202GL,912810TM0,IOC,OFFER,99.152344,1000000,0,N/A,0
2022-Dec-18 08:14:02.721,WDG6O4CCRT,912810TM0,IOC,BID,99.183594,1000000,0,N/A,0
2022-Dec-18 08:14:03.038,DG0YA1BMTK,912810TM0,IOC,OFFER,99.199219,1000000,0,N/A,0
2022-Dec-18 08:14:03.355,YDCH6BJY8V,912810TM0,IOC,BID,99.230469,1000000,0,N/A,0
2022-Dec-18 08:14:03.673,AEMV671E0W,912810TM0,IOC,OFFER,99.246094,1000000,0,N/A,0
2022-Dec-18 08:14:03.992,HFEESTPXKQ,912810TM0,IOC,BID,99.277344,1000000,0,N/A,0
2022-Dec-18 08:14:04.314,BQ9CUHC86U,912810TM0,IOC,OFFER,99.292969,1000000,0,N/A,0
2022-Dec-18 08:14:04.632,223XBXSLC9,912810TM0,IOC,BID,99.324219,1000000,0,N/A,0
2022-Dec-18 08:14:04.947,F1ITBB3LHZ,912810TM0,IOC,OFFER,99.339844,1000000,0,N/A,0
2022-Dec-18 08:14:05.263,F5WW7TOHJU,912810TM0,IOC,BID,99.371094,1000000,0,N/A,0
2022-Dec-18 08:14:05.578,8S0J4IPCHJ,912810TM0,IOC,OFFER,99.386719,1000000,0,N/A,0
2022-Dec-18 08:14:05.897,L2TM5O2KQP,912810TM0,IOC,BID,99.417969,1000000,0,N/A,0
2022-Dec-18 08:14:06.217,SSW2W01H5U,912810TM0,IOC,OFFER,99.433594,1000000,0,N/A,0
2022-Dec-18 08:14:06.534,XJO4D2IUXW,912810TM0,IOC,BID,99.464844,1000000,0,N/A,0
2022-Dec-18 08:14:06.849,MJPNJ9NWID,912810TM0,IOC,OFFER,99.480469,1000000,0,N/A,0
2022-Dec-18 08:14:07.160,TZLYM57PG4,912810TM0,IOC,BID,99.511719,1000000,0,N/A,0
2022-Dec-18 08:14:07.473,9JJNS90LDS,912810TM0,IOC,OFFER,99.527344,1000000,0,N/A,0
2022-Dec-18 08:14:07.793,QUA0TG8267,912810TM0,IOC,BID,99.558594,1000000,0,N/A,0
2022-Dec-18 08:14:08.109,GCOXCUC40M,912810TM0,IOC,OFFER,99.574219,1000000,0,N/A,0
2022-Dec-18 08:14:08.421,2B79VP8V8U,912810TM0,IOC,BID,99.605469,1000000,0,N/A,0
2022-Dec-18 08:14:08.737,TKLHS2L331,912810TM0,IOC,OFFER,99.621094,1000000,0,N/A,0
2022-Dec-18 08:14:09.056,22YJA8ZW85,912810TM0,IOC,BID,99.652344,1000000,0,N/A,0
2022-Dec-18 08:14:09.371,26K0UA9BNY,912810TM0,IOC,OFFER,99.667969,1000000,0,N/A,0
2022-Dec-18 08:14:09.693,9L80P4HXF7,912810TM0,IOC,BID,99.699219,1000000,0,N/A,0
2022-Dec-18 08:14:10.001,ZB54LH2OFW,912810TM0,IOC,OFFER,99.714844,1000000,0,N/A,0
2022-Dec-18 08:14:10.312,S8R6XTK45N,912810TM0,IOC,BID,99.746094,1000000,0,N/A,0
2022-Dec-18 08:14:10.633,VV92O8CUEN,912810TM0,IOC,OFFER,99.761719,1000000,0,N/A,0
2022-Dec-18 08:14:10.948,622HH45Z7D,912810TM0,IOC,BID,99.792969,1000000,0,N/A,0
2022-Dec-18 08:14:11.271,CAZLYG8LOT,912810TM0,IOC,OFFER,99.808594,1000000,0,N/A,0
2022-Dec-18 08:14:11.590,N0JX5E3XBS,912810TM0,IOC,BID,99.839844,1000000,0,N/A,0
2022-Dec-18 08:14:11.913,UTNA27MGA2,912810TM0,IOC,OFFER,99.855469,1000000,0,N/A,0
2022-Dec-18 08:14:12.233,N653KLGKHA,912810TM0,IOC,BID,99.886719,1000000,0,N/A,0
2022-Dec-18 08:14:12.557,LS95EULNIB,912810TM0,IOC,OFFER,99.902344,1000000,0,N/A,0
2022-Dec-18 08:14:12.875,WZPRVRQ65V,912810TM0,IOC,BID,99.933594,1000000,0,N/A,0
2022-Dec-18 08:14:13.192,LUY549A2CO,912810TM0,IOC,OFFER,99.949219,1000000,0,N/A,0
2022-Dec-18 08:14:13.508,3ILCZ2EVU7,912810TM0,IOC,BID,99.980469,1000000,0,N/A,0
2022-Dec-18 08:14:13.829,N7TF88AVJJ,912810TM0,IOC,OFFER,99.996094,1000000,0,N/A,0
2022-Dec-18 08:14:14.149,CBOQKGOAA0,912810TM0,IOC,BID,100.027344,1000000,0,N/A,0
2022-Dec-18 08:14:14.465,QTAVXBW5GC,912810TM0,IOC,OFFER,100.042969,1000000,0,N/A,0
2022-Dec-18 08:14:14.779,HUU8K5U9QJ,912810TM0,IOC,BID,100.074219,1000000,0,N/A,0
2022-Dec-18 08:14:15.097,C71IR79FP3,912810TM0,IOC,OFFER,100.089844,1000000,0,N/A,0
2022-Dec-18 08:14:15.420,1RE7HGPPZM,912810TM0,IOC,BID,100.121094,1000000,0,N/A,0
2022-Dec-18 08:14:15.737,W2FA6KBJOR,912810TM0,IOC,OFFER,100.136719,1000000,0,N/A,0
2022-Dec-18 08:14:16.058,858IV6PPR4,912810TM0,IOC,BID,100.167969,1000000,0,N/A,0
2022-Dec-18 08:14:16.371,6MMOZFJ6SL,912810TM0,IOC,OFFER,100.183594,1000000,0,N/A,0
2022-Dec-18 08:14:16.695,NS6WVFX5DK,912810TM0,IOC,BID,100.214844,1000000,0,N/A,0
2022-Dec-18 08:14:17.017,NH3NZSK8RB,912810TM0,IOC,OFFER,100.230469,1000000,0,N/A,0
2022-Dec-18 08:14:17.337,H4KTASCF4F,912810TM0,IOC,BID,100.261719,1000000,0,N/A,0
2022-Dec-18 08:14:17.653,HZCG1ZSQQ6,912810TM0,IOC,OFFER,100.277344,1000000,0,N/A,0
2022-Dec-18 08:14:17.967,74IF23J8AG,912810TM0,IOC,BID,100.308594,1000000,0,N/A,0
2022-Dec-18 08:14:18.284,STSFPLBBV6,912810TM0,IOC,OFFER,100.324219,1000000,0,N/A,0
2022-Dec-18 08:14:18.603,7K6P6D23CV,912810TM0,IOC,BID,100.355469,1000000,0,N/A,0
2022-Dec-18 08:14:18.923,E18LMN0NC2,912810TM0,IOC,OFFER,100.371094,1000000,0,N/A,0
2022-Dec-18 08:14:19.245,WT3EHQBE21,912810TM0,IOC,BID,100.402344,1000000,0,N/A,0
2022-Dec-18 08:14:19.571,CERXX4YJ5I,912810TM0,IOC,OFFER,100.417969,1000000,0,N/A,0
2022-Dec-18 08:14:19.887,Q92EQFMI8V,912810TM0,IOC,BID,100.449219,1000000,0,N/A,0
2022-Dec-18 08:14:20.206,GQCGP2DDFH,912810TM0,IOC,OFFER,100.464844,1000000,0,N/A,0
2022-Dec-18 08:14:20.529,B2B0PU1UUB,912810TM0,IOC,BID,100.496094,1000000,0,N/A,0
2022-Dec-18 08:14:20.846,T95T6S5743,912810TM0,IOC,OFFER,100.511719,1000000,0,N/A,0
2022-Dec-18 08:14:21.162,KBPMHL6IVS,912810TM0,IOC,BID,100.542969,1000000,0,N/A,0
2022-Dec-18 08:14:21.474,9EYGOZ7TK9,912810TM0,IOC,OFFER,100.558594,1000000,0,N/A,0
2022-Dec-18 08:14:21.798,4WVGHHTBZT,912810TM0,IOC,BID,100.589844,1000000,0,N/A,0
2022-Dec-18 08:14:22.105,RM5F7ERKI0,912810TM0,IOC,OFFER,100.605469,1000000,0,N/A,0
2022-Dec-18 08:14:22.419,BV6432EZQ7,912810TM0,IOC,BID,100.636719,1000000,0,N/A,0
2022-Dec-18 08:14:22.738,QYIU4PTI0A,912810TM0,IOC,OFFER,100.652344,1000000,0,N/A,0
2022-Dec-18 08:14:23.054,AOSLE64O4Z,912810TM0,IOC,BID,100.683594,1000000,0,N/A,0
2022-Dec-18 08:14:23.370,5R35MUBVBA,912810TM0,IOC,OFFER,100.699219,1000000,0,N/A,0
2022-Dec-18 08:14:23.684,PN9AOFSQQN,912810TM0,IOC,BID,100.730469,1000000,0,N/A,0
2022-Dec-18 08:14:24.006,EKWHENFMWO,912810TM0,IOC,OFFER,100.746094,1000000,0,N/A,0
2022-Dec-18 08:14:24.321,Z8ZQAIC7ET,912810TM0,IOC,BID,100.777344,1000000,0,N/A,0
2022-Dec-18 08:14:24.637,LXK721USVK,912810TM0,IOC,OFFER,100.792969,1000000,0,N/A,0
2022-Dec-18 08:14:24.961,B83IIII3DZ,912810TM0,IOC,BID,100.824219,1000000,0,N/A,0
2022-Dec-18 08:14:25.279,J4RN0VB8UF,912810TM0,IOC,OFFER,100.839844,1000000,0,N/A,0
2022-Dec-18 08:14:25.599,483MNKJOFA,912810TM0,IOC,BID,100.871094,1000000,0,N/A,0
2022-Dec-18 08:14:25.916,CZWC8SYNB1,912810TM0,IOC,OFFER,100.886719,1000000,0,N/A,0
2022-Dec-18 08:14:26.233,LOPQDFZ9HS,912810TM0,IOC,BID,100.917969,1000000,0,N/A,0
2022-Dec-18 08:14:26.550,2MOT7A2OBW,912810TM0,IOC,OFFER,100.933594,1000000,0,N/A,0
2022-Dec-18 08:14:26.875,9UUKOASHT9,912810TM0,IOC,BID,100.964844,1000000,0,N/A,0
2022-Dec-18 08:14:27.192,OWQ1SQH8JC,912810TM0,IOC,OFFER,100.980469,1000000,0,N/A,0
2022-Dec-18 08:14:27.510,E2TERCPC5T,912810TM0,IOC,BID,100.996094,1000000,0,N/A,0
2022-Dec-18 08:14:27.828,5RUD2K1A0X,912810TM0,IOC,OFFER,100.964844,1000000,0,N/A,0
2022-Dec-18 08:14:28.145,Y862ZQNGUQ,912810TM0,IOC,BID,100.949219,1000000,0,N/A,0
2022-Dec-18 08:14:28.463,988UNC6DO6,912810TM0,IOC,OFFER,100.917969,1000000,0,N/A,0
2022-Dec-18 08:14:28.782,LYXW25HDPK,912810TM0,IOC,BID,100.902344,1000000,0,N/A,0
2022-Dec-18 08:14:29.095,93IDYW87BD,912810TM0,IOC,OFFER,100.871094,1000000,0,N/A,0
2022-Dec-18 08:14:29.415,7UH26BI00E,912810TM0,IOC,BID,100.855469,1000000,0,N/A,0
2022-Dec-18 08:14:29.728,Z018BSWX74,912810TM0,IOC,OFFER,100.824219,1000000,0,N/A,0
2022-Dec-18 08:14:30.048,CJSEQ4P2DQ,912810TM0,IOC,BID,100.808594,1000000,0,N/A,0
2022-Dec-18 08:14:30.365,Q44M33BB14,912810TM0,IOC,OFFER,100.777344,1000000,0,N/A,0
2022-Dec-18 08:14:30.684,HZAHGPW9LG,912810TM0,IOC,BID,100.761719,1000000,0,N/A,0
2022-Dec-18 08:14:31.001,NQJR77CW91,912810TM0,IOC,OFFER,100.730469,1000000,0,N/A,0
2022-Dec-18 08:14:31.321,SZ9RP89ZS1,912810TM0,IOC,BID,100.714844,1000000,0,N/A,0
2022-Dec-18 08:14:31.639,Y3DGXH4YX0,912810TM0,IOC,OFFER,100.683594,1000000,0,N/A,0
2022-Dec-18 08:14:31.957,D1QKBQKEZT,912810TM0,IOC,BID,100.667969,1000000,0,N/A,0
2022-Dec-18 08:14:32.274,N0F25GRBHF,912810TM0,IOC,OFFER,100.636719,1000000,0,N/A,0
2022-Dec-18 08:14:32.596,HOC9N3RKYV,912810TM0,IOC,BID,100.621094,1000000,0,N/A,0
2022-Dec-18 08:14:32.920,4UDU9N8UBM,912810TM0,IOC,OFFER,100.589844,1000000,0,N/A,0
2022-Dec-18 08:14:33.237,KW0IPCUOLB,912810TM0,IOC,BID,100.574219,1000000,0,N/A,0
2022-Dec-18 08:14:33.550,L3IIJBRINN,912810TM0,IOC,OFFER,100.542969,1000000,0,N/A,0
2022-Dec-18 08:14:33.870,7BGK5QAXWY,912810TM0,IOC,BID,100.527344,1000000,0,N/A,0
2022-Dec-18 08:14:34.188,9ETFRXR588,912810TM0,IOC,OFFER,100.496094,1000000,0,N/A,0
2022-Dec-18 08:14:34.509,TB22M9A6AI,912810TM0,IOC,BID,100.480469,1000000,0,N/A,0
2022-Dec-18 08:14:34.834,92H7P5BB1G,912810TM0,IOC,OFFER,100.449219,1000000,0,N/A,0
2022-Dec-18 08:14:35.151,OW8MNTL9JV,912810TM0,IOC,BID,100.433594,1000000,0,N/A,0
2022-Dec-18 08:14:35.469,FVKE2SSKPE,912810TM0,IOC,OFFER,100.402344,1000000,0,N/A,0
2022-Dec-18 08:14:35.786,KZFRKBSUM7,912810TM0,IOC,BID,100.386719,1000000,0,N/A,0
2022-Dec-18 08:14:36.103,0RWY4F18GY,912810TM0,IOC,OFFER,100.355469,1000000,0,N/A,0
2022-Dec-18 08:14:36.420,3X02ZEMRJ6,912810TM0,IOC,BID,100.339844,1000000,0,N/A,0
2022-Dec-18 08:14:36.735,FZ3T34ZJW8,912810TM0,IOC,OFFER,100.308594,1000000,0,N/A,0
2022-Dec-18 08:14:37.054,OVIZ9OEP2H,912810TM0,IOC,BID,100.292969,1000000,0,N/A,0
2022-Dec-18 08:14:37.376,HP0FRPTI8E,912810TM0,IOC,OFFER,100.261719,1000000,0,N/A,0
2022-Dec-18 08:14:37.698,0MTUP19A4S,912810TM0,IOC,BID,100.246094,1000000,0,N/A,0
2022-Dec-18 08:14:38.016,SUZH1NRBG3,912810TM0,IOC,OFFER,100.214844,1000000,0,N/A,0
2022-Dec-18 08:14:38.338,TKT74H1KOK,912810TM0,IOC,BID,100.199219,1000000,0,N/A,0
2022-Dec-18 08:14:38.655,GK8I1Y79H5,912810TM0,IOC,OFFER,100.167969,1000000,0,N/A,0
2022-Dec-18 08:14:38.968,PYFFQB0F6C,912810TM0,IOC,BID,100.152344,1000000,0,N/A,0
2022-Dec-18 08:14:39.292,C2P92ZI526,912810TM0,IOC,OFFER,100.121094,1000000,0,N/A,0
2022-Dec-18 08:14:39.616,BZ6FSN34M7,912810TM0,IOC,BID,100.105469,1000000,0,N/A,0
2022-Dec-18 08:14:39.929,56VAQALDCG,912810TM0,IOC,OFFER,100.074219,1000000,0,N/A,0
2022-Dec-18 08:14:40.246,13GFGWE1XR,912810TM0,IOC,BID,100.058594,1000000,0,N/A,0
2022-Dec-18 08:14:40.566,OG8HOU21FS,912810TM0,IOC,OFFER,100.027344,1000000,0,N/A,0
2022-Dec-18 08:14:40.883,6O3D06U5CE,912810TM0,IOC,BID,100.011719,1000000,0,N/A,0
2022-Dec-18 08:14:41.201,8036OIHOGE,912810TM0,IOC,OFFER,99.980469,1000000,0,N/A,0
2022-Dec-18 08:14:41.520,P8ULL83KOU,912810TM0,IOC,BID,99.964844,1000000,0,N/A,0
2022-Dec-18 08:14:41.838,ZQONJ9FUEK,912810TM0,IOC,OFFER,99.933594,1000000,0,N/A,0
2022-Dec-18 08:14:42.159,XAMTBUAFFM,912810TM0,IOC,BID,99.917969,1000000,0,N/A,0
2022-Dec-18 08:14:42.478,J3Z4BAQDVO,912810TM0,IOC,OFFER,99.886719,1000000,0,N/A,0
2022-Dec-18 08:14:42.802,G1HBW1JPSU,912810TM0,IOC,BID,99.871094,1000000,0,N/A,0
2022-Dec-18 08:14:43.123,UM4MIJX30K,912810TM0,IOC,OFFER,99.839844,1000000,0,N/A,0
2022-Dec-18 08:14:43.444,ZJW8H5W06V,912810TM0,IOC,BID,99.824219,1000000,0,N/A,0
2022-Dec-18 08:14:43.761,MRPAUL7B4T,912810TM0,IOC,OFFER,99.792969,1000000,0,N/A,0
2022-Dec-18 08:14:44.083,SRWTKV9DXR,912810TM0,IOC,BID,99.777344,1000000,0,N/A,0
2022-Dec-18 08:14:44.409,55SEUDMSTI,912810TM0,IOC,OFFER,99.746094,1000000,0,N/A,0
2022-Dec-18 08:14:44.730,BBPP8OLL41,912810TM0,IOC,BID,99.730469,1000000,0,N/A,0
2022-Dec-18 08:14:45.048,ZDHXOHX185,912810TM0,IOC,OFFER,99.699219,1000000,0,N/A,0
2022-Dec-18 08:14:45.361,4H2SUS6ANW,912810TM0,IOC,BID,99.683594,1000000,0,N/A,0
2022-Dec-18 08:14:45.674,JTNUR4QAY5,912810TM0,IOC,OFFER,99.652344,1000000,0,N/A,0
2022-Dec-18 08:14:45.999,OCBKQFK3FD,912810TM0,IOC,BID,99.636719,1000000,0,N/A,0
2022-Dec-18 08:14:46.316,GG9DDSBH37,912810TM0,IOC,OFFER,99.605469,1000000,0,N/A,0
2022-Dec-18 08:14:46.636,Q963B6TXBP,912810TM0,IOC,BID,99.589844,1000000,0,N/A,0
2022-Dec-18 08:14:46.956,6KL176FKFO,912810TL2,IOC,OFFER,99.558594,1000000,0,N/A,0
2022-Dec-18 08:14:47.273,G6M5JTONJQ,912810TL2,IOC,BID,99.542969,1000000,0,N/A,0
2022-Dec-18 08:14:47.599,FQ9388S87A,912810TL2,IOC,OFFER,99.511719,1000000,0,N/A,0
2022-Dec-18 08:14:47.916,O5DEQKL4T5,912810TL2,IOC,BID,99.496094,1000000,0,N/A,0
2022-Dec-18 08:14:48.232,YSIENPAGXB,912810TL2,IOC,OFFER,99.464844,1000000,0,N/A,0
2022-Dec-18 08:14:48.548,9D6OMGDSHL,912810TL2,IOC,BID,99.449219,1000000,0,N/A,0
2022-Dec-18 08:14:48.868,7TT0OLOOK4,912810TL2,IOC,OFFER,99.417969,1000000,0,N/A,0
2022-Dec-18 08:14:49.181,72BJABHU1N,912810TL2,IOC,BID,99.402344,1000000,0,N/A,0
2022-Dec-18 08:14:49.501,SSSUCECQC4,912810TL2,IOC,OFFER,99.371094,1000000,0,N/A,0
2022-Dec-18 08:14:49.823,F3U9L4OQS8,912810TL2,IOC,BID,99.355469,1000000,0,N/A,0
2022-Dec-18 08:14:50.141,8VI96XLK3X,912810TL2,IOC,OFFER,99.324219,1000000,0,N/A,0
2022-Dec-18 08:14:50.457,ONNLVXI3LQ,912810TL2,IOC,BID,99.308594,1000000,0,N/A,0
2022-Dec-18 08:14:50.774,343PLI93SI,912810TL2,IOC,OFFER,99.277344,1000000,0,N/A,0
2022-Dec-18 08:14:51.092,SD1D1Z8RII,912810TL2,IOC,BID,99.261719,1000000,0,N/A,0
2022-Dec-18 08:14:51.411,JPJFUJZZFI,912810TL2,IOC,OFFER,99.230469,1000000,0,N/A,0
2022-Dec-18 08:14:51.734,AXO4CQ3LKC,912810TL2,IOC,BID,99.214844,1000000,0,N/A,0
2022-Dec-18 08:14:52.048,7QL7TMKQ6Q,912810TL2,IOC,OFFER,99.183594,1000000,0,N/A,0
2022-Dec-18 08:14:52.368,Z10C0SA0PP,912810TL2,IOC,BID,99.167969,1000000,0,N/A,0
2022-Dec-18 08:14:52.683,KWWL2RBWZ0,912810TL2,IOC,OFFER,99.136719,1000000,0,N/A,0
2022-Dec-18 08:14:53.007,ZV2VH4F4M3,912810TL2,IOC,BID,99.121094,1000000,0,N/A,0
2022-Dec-18 08:14:53.331,ZIIXOB3ZG9,912810TL2,IOC,OFFER,99.089844,1000000,0,N/A,0
2022-Dec-18 08:14:53.648,4Y7GYVMHYM,912810TL2,IOC,BID,99.074219,1000000,0,N/A,0
2022-Dec-18 08:14:53.968,BWQV8G0DU9,912810TL2,IOC,OFFER,99.042969,1000000,0,N/A,0
2022-Dec-18 08:14:54.290,BC93JEDWY8,912810TL2,IOC,BID,99.027344,1000000,0,N/A,0
2022-Dec-18 08:14:54.609,Y34R3RP1HE,912810TL2,IOC,OFFER,98.996094,1000000,0,N/A,0
2022-Dec-18 08:14:54.931,92YBZ9TR9A,912810TL2,IOC,BID,99.027344,1000000,0,N/A,0
2022-Dec-18 08:14:55.248,FGGD745DTC,912810TL2,IOC,OFFER,99.042969,1000000,0,N/A,0
2022-Dec-18 08:14:55.562,Z4OWAS1LVH,912810TL2,IOC,BID,99.074219,1000000,0,N/A,0
2022-Dec-18 08:14:55.874,A249C0A9FQ,912810TL2,IOC,OFFER,99.089844,1000000,0,N/A,0
2022-Dec-18 08:14:56.198,K9XE8MQK9E,912810TL2,IOC,BID,99.121094,1000000,0,N/A,0
2022-Dec-18 08:14:56.523,X06JRKDR4P,912810TL2,IOC,OFFER,99.136719,1000000,0,N/A,0
2022-Dec-18 08:14:56.838,C8RFON21M9,912810TL2,IOC,BID,99.167969,1000000,0,N/A,0
2022-Dec-18 08:14:57.150,GQ85TQ6H9R,912810TL2,IOC,OFFER,99.183594,1000000,0,N/A,0
2022-Dec-18 08:14:57.469,MYW2YMOU1V,912810TL2,IOC,BID,99.214844,1000000,0,N/A,0
2022-Dec-18 08:14:57.789,OHHCG7KAM5,912810TL2,IOC,OFFER,99.230469,1000000,0,N/A,0
2022-Dec-18 08:14:58.109,018F6X98JH,912810TL2,IOC,BID,99.261719,1000000,0,N/A,0
2022-Dec-18 08:14:58.423,5TB3LZDEEK,912810TL2,IOC,OFFER,99.277344,1000000,0,N/A,0
2022-Dec-18 08:14:58.748,KNAPX2CBY4,912810TL2,IOC,BID,99.308594,1000000,0,N/A,0
2022-Dec-18 08:14:59.070,TTTG0ADRBP,912810TL2,IOC,OFFER,99.324219,1000000,0,N/A,0
2022-Dec-18 08:14:59.389,DW26CQRLX1,912810TL2,IOC,BID,99.355469,1000000,0,N/A,0
2022-Dec-18 08:14:59.697,ESUOYMEXCI,912810TL2,IOC,OFFER,99.371094,1000000,0,N/A,0
2022-Dec-18 08:15:00.008,SC49W7TM0J,912810TL2,IOC,BID,99.402344,1000000,0,N/A,0
2022-Dec-18 08:15:00.327,HJ1KFB1B8X,912810TL2,IOC,OFFER,99.417969,1000000,0,N/A,0
2022-Dec-18 08:15:00.645,SF8BE35M2N,912810TL2,IOC,BID,99.449219,1000000,0,N/A,0
2022-Dec-18 08:15:00.962,6CAS0O7589,912810TL2,IOC,OFFER,99.464844,1000000,0,N/A,0
2022-Dec-18 08:15:01.278,51L1N4T47S,912810TL2,IOC,BID,99.496094,1000000,0,N/A,0
2022-Dec-18 08:15:01.595,EZ8C3XBRI9,912810TL2,IOC,OFFER,99.511719,1000000,0,N/A,0
2022-Dec-18 08:15:01.910,RPO89CCNKQ,912810TL2,IOC,BID,99.542969,1000000,0,N/A,0
2022-Dec-18 08:15:02.228,CFNCH1COIJ,912810TL2,IOC,OFFER,99.558594,1000000,0,N/A,0
2022-Dec-18 08:15:02.547,9522B78R6M,912810TL2,IOC,BID,99.589844,1000000,0,N/A,0
2022-Dec-18 08:15:02.864,O3BWGXBLAR,912810TL2,IOC,OFFER,99.605469,1000000,0,N/A,0
2022-Dec-18 08:15:03.180,UEDCYGCOQ7,912810TL2,IOC,BID,99.636719,1000000,0,N/A,0
2022-Dec-18 08:15:03.495,QUVP7RY29I,912810TL2,IOC,OFFER,99.652344,1000000,0,N/A,0
2022-Dec-18 08:15:03.805,Y4MM3DGT7S,912810TL2,IOC,BID,99.683594,1000000,0,N/A,0
2022-Dec-18 08:15:04.122,S5PCJ4SBX7,912810TL2,IOC,OFFER,99.699219,1000000,0,N/A,0
2022-Dec-18 08:15:04.431,JLH4E3N1H7,912810TL2,IOC,BID,99.730469,1000000,0,N/A,0
2022-Dec-18 08:15:04.750,5PLHZOO5VR,912810TL2,IOC,OFFER,99.746094,1000000,0,N/A,0
2022-Dec-18 08:15:05.068,F1N2ZSMKJ3,912810TL2,IOC,BID,99.777344,1000000,0,N/A,0
2022-Dec-18 08:15:05.389,KCOLAQSRX9,912810TL2,IOC,OFFER,99.792969,1000000,0,N/A,0
2022-Dec-18 08:15:05.708,EPSJ6XSHK0,912810TL2,IOC,BID,99.824219,1000000,0,N/A,0
2022-Dec-18 08:15:06.030,D5GROTSIFW,912810TL2,IOC,OFFER,99.839844,1000000,0,N/A,0
2022-Dec-18 08:15:06.347,IG1OZXLDKN,912810TL2,IOC,BID,99.871094,1000000,0,N/A,0
2022-Dec-18 08:15:06.671,DAT11UHSHA,912810TL2,IOC,OFFER,99.886719,1000000,0,N/A,0
2022-Dec-18 08:15:06.981,V5U48RCTSN,912810TL2,IOC,BID,99.917969,1000000,0,N/A,0
2022-Dec-18 08:15:07.296,44QGYM69EN,912810TL2,IOC,OFFER,99.933594,1000000,0,N/A,0
2022-Dec-18 08:15:07.608,S1OQ7BWD3P,912810TL2,IOC,BID,99.964844,1000000,0,N/A,0
2022-Dec-18 08:15:07.932,7FTXODE1PC,912810TL2,IOC,OFFER,99.980469,1000000,0,N/A,0
2022-Dec-18 08:15:08.241,FNIPVXS8CQ,912810TL2,IOC,BID,100.011719,1000000,0,N/A,0
2022-Dec-18 08:15:08.566,W3U8W9WYDJ,912810TL2,IOC,OFFER,100.027344,1000000,0,N/A,0
2022-Dec-18 08:15:08.888,WDT95CEAOP,912810TL2,IOC,BID,100.058594,1000000,0,N/A,0
2022-Dec-18 08:15:09.206,E2QYTU1YXB,912810TL2,IOC,OFFER,100.074219,1000000,0,N/A,0
2022-Dec-18 08:15:09.528,RYDU8QVZJ7,912810TL2,IOC,BID,100.105469,1000000,0,N/A,0
2022-Dec-18 08:15:09.843,W8EU10TTNE,912810TL2,IOC,OFFER,100.121094,1000000,0,N/A,0
2022-Dec-18 08:15:10.157,2B2CZ06M8D,912810TL2,IOC,BID,100.152344,1000000,0,N/A,0
2022-Dec-18 08:15:10.474,D4TKVKNY60,912810TL2,IOC,OFFER,100.167969,1000000,0,N/A,0
2022-Dec-18 08:15:10.794,P27AS5J6U4,912810TL2,IOC,BID,100.199219,1000000,0,N/A,0
2022-Dec-18 08:15:11.114,AWS3VARIN4,912810TL2,IOC,OFFER,100.214844,1000000,0,N/A,0
2022-Dec-18 08:15:11.432,ANM2VK627M,912810TL2,IOC,BID,100.246094,1000000,0,N/A,0
2022-Dec-18 08:15:11.749,BXYCIMCZQE,912810TL2,IOC,OFFER,100.261719,1000000,0,N/A,0
2022-Dec-18 08:15:12.071,O841YFYWL8,912810TL2,IOC,BID,100.292969,1000000,0,N/A,0
2022-Dec-18 08:15:12.387,ORIYC9L82E,912810TL2,IOC,OFFER,100.308594,1000000,0,N/A,0
2022-Dec-18 08:15:12.708,O427SH39ZG,912810TL2,IOC,BID,100.339844,1000000,0,N/A,0
2022-Dec-18 08:15:13.031,F7R8SB9U6X,912810TL2,IOC,OFFER,100.355469,1000000,0,N/A,0
2022-Dec-18 08:15:13.344,A9JWOA81PG,912810TL2,IOC,BID,100.386719,1000000,0,N/A,0
2022-Dec-18 08:15:13.663,1Y56187EYW,912810TL2,IOC,OFFER,100.402344,1000000,0,N/A,0
2022-Dec-18 08:15:13.984,FYQTTCZ377,912810TL2,IOC,BID,100.433594,1000000,0,N/A,0
2022-Dec-18 08:15:14.301,S7NXSLO9H1,912810TL2,IOC,OFFER,100.449219,1000000,0,N/A,0
2022-Dec-18 08:15:14.618,ZAKBNFIV7I,912810TL2,IOC,BID,100.480469,1000000,0,N/A,0
2022-Dec-18 08:15:14.928,9748A9JALC,912810TL2,IOC,OFFER,100.496094,1000000,0,N/A,0
2022-Dec-18 08:15:15.248,RM8KO1QBD9,912810TL2,IOC,BID,100.527344,1000000,0,N/A,0
2022-Dec-18 08:15:15.564,FUJ44913SG,912810TL2,IOC,OFFER,100.542969,1000000,0,N/A,0
2022-Dec-18 08:15:15.884,PARDJSDMRD,912810TL2,IOC,BID,100.574219,1000000,0,N/A,0
2022-Dec-18 08:15:16.204,01SU6A1IDF,912810TL2,IOC,OFFER,100.589844,1000000,0,N/A,0
2022-Dec-18 08:15:16.519,45SVJHWCLT,912810TL2,IOC,BID,100.621094,1000000,0,N/A,0
2022-Dec-18 08:15:16.847,3F6P66HAJD,912810TL2,IOC,OFFER,100.636719,1000000,0,N/A,0
2022-Dec-18 08:15:17.164,GNRG6PNTSZ,912810TL2,IOC,BID,100.667969,1000000,0,N/A,0
2022-Dec-18 08:15:17.480,CFJA6EQPUQ,912810TL2,IOC,OFFER,100.683594,1000000,0,N/A,0
2022-Dec-18 08:15:17.801,5ZVLHZT16H,912810TL2,IOC,BID,100.714844,1000000,0,N/A,0
2022-Dec-18 08:15:18.114,7X4PHLBA6D,912810TL2,IOC,OFFER,100.730469,1000000,0,N/A,0
2022-Dec-18 08:15:18.428,NWIQJFSU4W,912810TL2,IOC,BID,100.761719,1000000,0,N/A,0
2022-Dec-18 08:15:18.747,UZT1LLD2Z8,912810TL2,IOC,OFFER,100.777344,1000000,0,N/A,0
2022-Dec-18 08:15:19.061,VHDG6AM7SB,912810TL2,IOC,BID,100.808594,1000000,0,N/A,0
2022-Dec-18 08:15:19.386,RJL9YNGP9Z,912810TL2,IOC,OFFER,100.824219,1000000,0,N/A,0
2022-Dec-18 08:15:19.699,AJ50T4ZFI6,912810TL2,IOC,BID,100.855469,1000000,0,N/A,0
2022-Dec-18 08:15:20.013,G3DNKRTGAK,912810TL2,IOC,OFFER,100.871094,1000000,0,N/A,0
2022-Dec-18 08:15:20.336,5Q1J2RB6ZQ,912810TL2,IOC,BID,100.902344,1000000,0,N/A,0
2022-Dec-18 08:15:20.657,2QAVE9BTQ5,912810TL2,IOC,OFFER,100.917969,1000000,0,N/A,0
2022-Dec-18 08:15:20.973,1SSVT8H4ZO,912810TL2,IOC,BID,100.949219,1000000,0,N/A,0
2022-Dec-18 08:15:21.288,U40JDMTFPC,912810TL2,IOC,OFFER,100.964844,1000000,0,N/A,0
2022-Dec-18 08:15:21.599,O13ONIDSTS,912810TL2,IOC,BID,100.996094,1000000,0,N/A,0
2022-Dec-18 08:15:21.916,QXQVDL5LPL,912810TL2,IOC,OFFER,100.980469,1000000,0,N/A,0
2022-Dec-18 08:15:22.240,IZBSN3H0N9,912810TL2,IOC,BID,100.964844,1000000,0,N/A,0
2022-Dec-18 08:15:22.561,G6HYRN1PDN,912810TL2,IOC,OFFER,100.933594,1000000,0,N/A,0
2022-Dec-18 08:15:22.881,PRI0YAKXEY,912810TL2,IOC,BID,100.917969,1000000,0,N/A,0
2022-Dec-18 08:15:23.194,I5A196JBU6,912810TL2,IOC,OFFER,100.886719,1000000,0,N/A,0
2022-Dec-18 08:15:23.510,TE5BFUSO8S,912810TL2,IOC,BID,100.871094,1000000,0,N/A,0
2022-Dec-18 08:15:23.831,YIDI0YPJ2S,912810TL2,IOC,OFFER,100.839844,1000000,0,N/A,0
2022-Dec-18 08:15:24.154,ULMPEPPC3G,912810TL2,IOC,BID,100.824219,1000000,0,N/A,0
2022-Dec-18 08:15:24.470,B1WX8VKW8Y,912810TL2,IOC,OFFER,100.792969,1000000,0,N/A,0
2022-Dec-18 08:15:24.785,23EL4DNVTH,912810TL2,IOC,BID,100.777344,1000000,0,N/A,0
2022-Dec-18 08:15:25.104,K5M49KRU7A,912810TL2,IOC,OFFER,100.746094,1000000,0,N/A,0
2022-Dec-18 08:15:25.418,MCTZ9V31IZ,912810TL2,IOC,BID,100.730469,1000000,0,N/A,0
2022-Dec-18 08:15:25.736,FEY8A2X7P2,912810TL2,IOC,OFFER,100.699219,1000000,0,N/A,0
2022-Dec-18 08:15:26.048,JKISOEUT7W,912810TL2,IOC,BID,100.683594,1000000,0,N/A,0
2022-Dec-18 08:15:26.364,8GAS6O2QJJ,912810TL2,IOC,OFFER,100.652344,1000000,0,N/A,0
2022-Dec-18 08:15:26.674,CGEC3QK9PV,912810TL2,IOC,BID,100.636719,1000000,0,N/A,0
2022-Dec-18 08:15:26.993,PSCJ01FSDC,912810TL2,IOC,OFFER,100.605469,1000000,0,N/A,0
2022-Dec-18 08:15:27.310,R92409FN0D,912810TL2,IOC,BID,100.589844,1000000,0,N/A,0
2022-Dec-18 08:15:27.622,D9XDG4462W,912810TL2,IOC,OFFER,100.558594,1000000,0,N/A,0
2022-Dec-18 08:15:27.941,4NYV27JVRI,912810TL2,IOC,BID,100.542969,1000000,0,N/A,0
2022-Dec-18 08:15:28.254,DWDDPU902B,912810TL2,IOC,OFFER,100.511719,1000000,0,N/A,0
2022-Dec-18 08:15:28.567,J236X9BSRO,912810TL2,IOC,BID,100.496094,1000000,0,N/A,0
2022-Dec-18 08:15:28.885,2K6JP6NX1I,912810TL2,IOC,OFFER,100.464844,1000000,0,N/A,0
2022-Dec-18 08:15:29.200,4VSN4R2WK6,912810TL2,IOC,BID,100.449219,1000000,0,N/A,0
2022-Dec-18 08:15:29.517,H9YXHZMKVM,912810TL2,IOC,OFFER,100.417969,1000000,0,N/A,0
2022-Dec-18 08:15:29.843,WYAVVD4QGC,912810TL2,IOC,BID,100.402344,1000000,0,N/A,0
2022-Dec-18 08:15:30.167,DHQFJUGDEK,912810TL2,IOC,OFFER,100.371094,1000000,0,N/A,0
2022-Dec-18 08:15:30.483,ESLBV8S9AK,912810TL2,IOC,BID,100.355469,1000000,0,N/A,0
2022-Dec-18 08:15:30.802,O98XMU08WA,912810TL2,IOC,OFFER,100.324219,1000000,0,N/A,0
2022-Dec-18 08:15:31.114,A02288WG7O,912810TL2,IOC,BID,100.308594,1000000,0,N/A,0
2022-Dec-18 08:15:31.430,DREVLHOFYI,912810TL2,IOC,OFFER,100.277344,1000000,0,N/A,0
2022-Dec-18 08:15:31.750,PPVRJSED61,912810TL2,IOC,BID,100.261719,1000000,0,N/A,0
2022-Dec-18 08:15:32.064,3WPB7RWENL,912810TL2,IOC,OFFER,100.230469,1000000,0,N/A,0
2022-Dec-18 08:15:32.380,V3390TJG4D,912810TL2,IOC,BID,100.214844,1000000,0,N/A,0
2022-Dec-18 08:15:32.701,8XIFS1IAX1,912810TL2,IOC,OFFER,100.183594,1000000,0,N/A,0
2022-Dec-18 08:15:33.020,9PDWOOI7GV,912810TL2,IOC,BID,100.167969,1000000,0,N/A,0
2022-Dec-18 08:15:33.332,RNY7FT1G6T,912810TL2,IOC,OFFER,100.136719,1000000,0,N/A,0
2022-Dec-18 08:15:33.653,EPMDZG0K3D,912810TL2,IOC,BID,100.121094,1000000,0,N/A,0
2022-Dec-18 08:15:33.969,FEFL12UL7T,912810TL2,IOC,OFFER,100.089844,1000000,0,N/A,0
2022-Dec-18 08:15:34.278,NXTWNF15CW,912810TL2,IOC,BID,100.074219,1000000,0,N/A,0
2022-Dec-18 08:15:34.592,OMXRB9YDXP,912810TL2,IOC,OFFER,100.042969,1000000,0,N/A,0
2022-Dec-18 08:15:34.918,MX86SHS6HN,912810TL2,IOC,BID,100.027344,1000000,0,N/A,0
2022-Dec-18 08:15:35.235,IGHLB96FDG,912810TL2,IOC,OFFER,99.996094,1000000,0,N/A,0
2022-Dec-18 08:15:35.554,DWIVSUPAUK,912810TL2,IOC,BID,99.980469,1000000,0,N/A,0
2022-Dec-18 08:15:35.871,TZ4UDLZ1K8,912810TL2,IOC,OFFER,99.949219,1000000,0,N/A,0
2022-Dec-18 08:15:36.192,6228AR2485,912810TL2,IOC,BID,99.933594,1000000,0,N/A,0
2022-Dec-18 08:15:36.504,FAAIIP1BN5,912810TL2,IOC,OFFER,99.902344,1000000,0,N/A,0
2022-Dec-18 08:15:36.825,1EE2T2W05K,912810TL2,IOC,BID,99.886719,1000000,0,N/A,0
2022-Dec-18 08:15:37.142,Y602TGDQEO,912810TL2,IOC,OFFER,99.855469,1000000,0,N/A,0
2022-Dec-18 08:15:37.455,JJWA1Y0LEB,912810TL2,IOC,BID,99.839844,1000000,0,N/A,0
2022-Dec-18 08:15:37.771,GQ91YWTW09,912810TL2,IOC,OFFER,99.808594,1000000,0,N/A,0
2022-Dec-18 08:15:38.088,8R7ZTV8B0P,912810TL2,IOC,BID,99.792969,1000000,0,N/A,0
2022-Dec-18 08:15:38.405,D4VWB9R3B4,912810TL2,IOC,OFFER,99.761719,1000000,0,N/A,0
2022-Dec-18 08:15:38.717,WTJMV5RQKL,912810TL2,IOC,BID,99.746094,1000000,0,N/A,0
2022-Dec-18 08:15:39.038,15TAX98BE3,912810TL2,IOC,OFFER,99.714844,1000000,0,N/A,0
2022-Dec-18 08:15:39.360,6NPCCWU5IN,912810TL2,IOC,BID,99.699219,1000000,0,N/A,0
2022-Dec-18 08:15:39.678,2Q6KC6RVIX,912810TL2,IOC,OFFER,99.667969,1000000,0,N/A,0
