time,exec_order_id,product_id,order_type,pricing_side,price,direction,visible_quantity,hidden_quantity,parent_order_id,is_child_order
2022-Dec-18 08:23:51.077,VP52M8OQZ1,91282CFX4,IOC,OFFER,98.996094,1000000,0,N/A,0
2022-Dec-18 08:23:51.393,0HOQRB7PGS,91282CFX4,IOC,BID,99.027344,1000000,0,N/A,0
2022-Dec-18 08:23:51.712,F19T4XFI87,91282CFX4,IOC,OFFER,99.042969,1000000,0,N/A,0
2022-Dec-18 08:23:52.031,P2WJQ9J1RL,91282CFX4,IOC,BID,99.074219,1000000,0,N/A,0
2022-Dec-18 08:23:52.343,JK10TTKV6D,91282CFX4,IOC,OFFER,99.089844,1000000,0,N/A,0
2022-Dec-18 08:23:52.656,HTGSSEC8UV,91282CFX4,IOC,BID,99.121094,1000000,0,N/A,0
2022-Dec-18 08:23:52.971,YY98H190OP,91282CFX4,IOC,OFFER,99.136719,1000000,0,N/A,0
2022-Dec-18 08:23:53.291,MP7PXMN05T,91282CFX4,IOC,BID,99.167969,1000000,0,N/A,0
2022-Dec-18 08:23:53.604,FY9DTNX8R6,91282CFX4,IOC,OFFER,99.183594,1000000,0,N/A,0
2022-Dec-18 08:23:53.921,CZ5YOQGX20,91282CFX4,IOC,BID,99.214844,1000000,0,N/A,0
2022-Dec-18 08:23:54.238,L9BWTQ19UC,91282CFX4,IOC,OFFER,99.230469,1000000,0,N/A,0
2022-Dec-18 08:23:54.554,5B5F3EY788,91282CFX4,IOC,BID,99.261719,1000000,0,N/A,0
2022-Dec-18 08:23:54.871,016S705YA6,91282CFX4,IOC,OFFER,99.277344,1000000,0,N/A,0
2022-Dec-18 08:23:55.188,YPMSJ9RGFT,91282CFX4,IOC,BID,99.308594,1000000,0,N/A,0
2022-Dec-18 08:23:55.500,QFEXS2WVZY,91282CFX4,IOC,OFFER,99.324219,1000000,0,N/A,0
2022-Dec-18 08:23:55.817,8AF3UBPW16,91282CFX4,IOC,BID,99.355469,1000000,0,N/A,0
2022-Dec-18 08:23:56.134,R2TQIAOKYY,91282CFX4,IOC,OFFER,99.371094,1000000,0,N/A,0
2022-Dec-18 08:23:56.447,Q67ISYQR7F,91282CFX4,IOC,BID,99.402344,1000000,0,N/A,0
2022-Dec-18 08:23:56.764,D18RB9SDVG,91282CFX4,IOC,OFFER,99.417969,1000000,0,N/A,0
2022-Dec-18 08:23:57.088,WKJ3X2YNFC,91282CFX4,IOC,BID,99.449219,1000000,0,N/A,0
2022-Dec-18 08:23:57.405,C7QKOR7551,91282CFX4,IOC,OFFER,99.464844,1000000,0,N/A,0
2022-Dec-18 08:23:57.715,LVHQQ30PP9,91282CFX4,IOC,BID,99.496094,1000000,0,N/A,0
2022-Dec-18 08:23:58.026,VKN03JMRCP,91282CFX4,IOC,OFFER,99.511719,1000000,0,N/A,0
2022-Dec-18 08:23:58.340,48E4ZXJR1H,91282CFX4,IOC,BID,99.542969,1000000,0,N/A,0
2022-Dec-18 08:23:58.655,WJ3URAW49F,91282CFX4,IOC,OFFER,99.558594,1000000,0,N/A,0
2022-Dec-18 08:23:58.967,OEO5R9RN3A,91282CFX4,IOC,BID,99.589844,1000000,0,N/A,0
2022-Dec-18 08:23:59.275,NVTCPVASXL,91282CFX4,IOC,OFFER,99.605469,1000000,0,N/A,0
2022-Dec-18 08:23:59.584,LL8WWXCOQ6,91282CFX4,IOC,BID,99.636719,1000000,0,N/A,0
2022-Dec-18 08:23:59.900,G8MXW549EZ,91282CFX4,IOC,OFFER,99.652344,1000000,0,N/A,0
2022-Dec-18 08:24:00.217,LDLVNRT2X0,91282CFX4,IOC,BID,99.683594,1000000,0,N/A,0
2022-Dec-18 08:24:00.538,H4YQOC29G2,91282CFX4,IOC,OFFER,99.699219,1000000,0,N/A,0
2022-Dec-18 08:24:00.855,FXTW2U5JEI,91282CFX4,IOC,BID,99.730469,1000000,0,N/A,0
2022-Dec-18 08:24:01.168,F9TZ4AD5RW,91282CFX4,IOC,OFFER,99.746094,1000000,0,N/A,0
2022-Dec-18 08:24:01.482,XL9SICA8V3,91282CFX4,IOC,BID,99.777344,1000000,0,N/A,0
2022-Dec-18 08:24:01.791,KMRU72OMJ9,91282CFX4,IOC,OFFER,99.792969,1000000,0,N/A,0
2022-Dec-18 08:24:02.102,T2HKIYL99V,91282CFX4,IOC,BID,99.824219,1000000,0,N/A,0
2022-Dec-18 08:24:02.417,N6PJ7335FR,91282CFX4,IOC,OFFER,99.839844,1000000,0,N/A,0
2022-Dec-18 08:24:02.733,9R0127I2WO,91282CFX4,IOC,BID,99.871094,1000000,0,N/A,0
2022-Dec-18 08:24:03.047,9VXGUFGVWG,91282CFX4,IOC,OFFER,99.886719,1000000,0,N/A,0
2022-Dec-18 08:24:03.356,L2NKAMWV8Y,91282CFX4,IOC,BID,99.917969,1000000,0,N/A,0
2022-Dec-18 08:24:03.670,1AHZIJJYOV,91282CFX4,IOC,OFFER,99.933594,1000000,0,N/A,0
2022-Dec-18 08:24:03.988,E7LEUB6P80,91282CFX4,IOC,BID,99.964844,1000000,0,N/A,0
2022-Dec-18 08:24:04.297,CQCFO8QF8N,91282CFX4,IOC,OFFER,99.980469,1000000,0,N/A,0
2022-Dec-18 08:24:04.618,3LHCMQ5LWT,91282CFX4,IOC,BID,100.011719,1000000,0,N/A,0
2022-Dec-18 08:24:04.942,W34T4UORD7,91282CFX4,IOC,OFFER,100.027344,1000000,0,N/A,0
2022-Dec-18 08:24:05.254,U6EH95KENW,91282CFX4,IOC,BID,100.058594,1000000,0,N/A,0
2022-Dec-18 08:24:05.563,ZLEWZRBFQH,91282CFX4,IOC,OFFER,100.074219,1000000,0,N/A,0
2022-Dec-18 08:24:05.875,TXKEFMTH87,91282CFX4,IOC,BID,100.105469,1000000,0,N/A,0
2022-Dec-18 08:24:06.189,NM11DHY84K,91282CFX4,IOC,OFFER,100.121094,1000000,0,N/A,0
2022-Dec-18 08:24:06.508,6SCOGZOJEX,91282CFX4,IOC,BID,100.152344,1000000,0,N/A,0
2022-Dec-18 08:24:06.829,RWNV435XC4,91282CFX4,IOC,OFFER,100.167969,1000000,0,N/A,0
2022-Dec-18 08:24:07.150,E9NA7BMD77,91282CFX4,IOC,BID,100.199219,1000000,0,N/A,0
2022-Dec-18 08:24:07.463,ZZA8EV05PD,91282CFX4,IOC,OFFER,100.214844,1000000,0,N/A,0
2022-Dec-18 08:24:07.780,7OOSXZM45L,91282CFX4,IOC,BID,100.246094,1000000,0,N/A,0
2022-Dec-18 08:24:08.093,D0F1T3C85S,91282CFX4,IOC,OFFER,100.261719,1000000,0,N/A,0
2022-Dec-18 08:24:08.406,N9KMCMFKS3,91282CFX4,IOC,BID,100.292969,1000000,0,N/A,0
2022-Dec-18 08:24:08.728,U2FWAMYDZX,91282CFX4,IOC,OFFER,100.308594,1000000,0,N/A,0
2022-Dec-18 08:24:09.037,QM96GHIBOA,91282CFX4,IOC,BID,100.339844,1000000,0,N/A,0
2022-Dec-18 08:24:09.355,4833W970CG,91282CFX4,IOC,OFFER,100.355469,1000000,0,N/A,0
2022-Dec-18 08:24:09.672,DFPI3KQRH7,91282CFX4,IOC,BID,100.386719,1000000,0,N/A,0
2022-Dec-18 08:24:09.986,3FLJ9GVXH5,91282CFX4,IOC,OFFER,100.402344,1000000,0,N/A,0
2022-Dec-18 08:24:10.309,AHCXQPEEZ2,91282CFX4,IOC,BID,100.433594,1000000,0,N/A,0
2022-Dec-18 08:24:10.620,KPBGBGJR3F,91282CFX4,IOC,OFFER,100.449219,1000000,0,N/A,0
2022-Dec-18 08:24:10.933,KWLKUFJBHO,91282CFX4,IOC,BID,100.480469,1000000,0,N/A,0
2022-Dec-18 08:24:11.244,XPZNRAYZ83,91282CFX4,IOC,OFFER,100.496094,1000000,0,N/A,0
2022-Dec-18 08:24:11.561,B1BBKD5MIE,91282CFX4,IOC,BID,100.527344,1000000,0,N/A,0
2022-Dec-18 08:24:11.879,JKCPY5PS5D,91282CFX4,IOC,OFFER,100.542969,1000000,0,N/A,0
2022-Dec-18 08:24:12.201,JUV9OKY5F8,91282CFX4,IOC,BID,100.574219,1000000,0,N/A,0
2022-Dec-18 08:24:12.514,B598YL18JY,91282CFX4,IOC,OFFER,100.589844,1000000,0,N/A,0
2022-Dec-18 08:24:12.825,U7PCPZK4JE,91282CFX4,IOC,BID,100.621094,1000000,0,N/A,0
2022-Dec-18 08:24:13.145,WGYNZQVMZP,91282CFX4,IOC,OFFER,100.636719,1000000,0,N/A,0
2022-Dec-18 08:24:13.458,ROY3QYRH13,91282CFX4,IOC,BID,100.667969,1000000,0,N/A,0
2022-Dec-18 08:24:13.769,BVSKJVBQ4Z,91282CFX4,IOC,OFFER,100.683594,1000000,0,N/A,0
2022-Dec-18 08:24:14.083,H949INO5FE,91282CFX4,IOC,BID,100.714844,1000000,0,N/A,0
2022-Dec-18 08:24:14.395,NSIVUMGQGX,91282CFX4,IOC,OFFER,100.730469,1000000,0,N/A,0
2022-Dec-18 08:24:14.704,9JFW5MTDT2,91282CFX4,IOC,BID,100.761719,1000000,0,N/A,0
2022-Dec-18 08:24:15.020,SC2JR9EEV6,91282CFX4,IOC,OFFER,100.777344,1000000,0,N/A,0
2022-Dec-18 08:24:15.332,9TW0Z8J8A4,91282CFX4,IOC,BID,100.808594,1000000,0,N/A,0
2022-Dec-18 08:24:15.649,OYS6IHZL35,91282CFX4,IOC,OFFER,100.824219,1000000,0,N/A,0
2022-Dec-18 08:24:15.965,9TXQCLDPT8,91282CFX4,IOC,BID,100.855469,1000000,0,N/A,0
2022-Dec-18 08:24:16.286,R9ZEO9AYRV,91282CFX4,IOC,OFFER,100.871094,1000000,0,N/A,0
2022-Dec-18 08:24:16.608,XUN3WQFIW4,91282CFX4,IOC,BID,100.902344,1000000,0,N/A,0
2022-Dec-18 08:24:16.922,GA84IC9RSZ,91282CFX4,IOC,OFFER,100.917969,1000000,0,N/A,0
2022-Dec-18 08:24:17.239,LMS3KNPR19,91282CFX4,IOC,BID,100.949219,1000000,0,N/A,0
2022-Dec-18 08:24:17.551,RFKCVEYS1U,91282CFX4,IOC,OFFER,100.964844,1000000,0,N/A,0
2022-Dec-18 08:24:17.853,UMS0PBOWOR,91282CFX4,IOC,BID,100.996094,1000000,0,N/A,0
2022-Dec-18 08:24:18.159,I7J905CCSU,91282CFX4,IOC,OFFER,100.980469,1000000,0,N/A,0
2022-Dec-18 08:24:18.462,PFYUPQ5APY,91282CFX4,IOC,BID,100.964844,1000000,0,N/A,0
2022-Dec-18 08:24:18.772,E3FFHAF1VQ,91282CFX4,IOC,OFFER,100.933594,1000000,0,N/A,0
2022-Dec-18 08:24:19.088,B3VQX3AKPD,91282CFX4,IOC,BID,100.917969,1000000,0,N/A,0
2022-Dec-18 08:24:19.398,QK6VKN0NES,91282CFX4,IOC,OFFER,100.886719,1000000,0,N/A,0
2022-Dec-18 08:24:19.703,Y75IVE9XQC,91282CFX4,IOC,BID,100.871094,1000000,0,N/A,0
2022-Dec-18 08:24:20.013,206R0NE7GF,91282CFX4,IOC,OFFER,100.839844,1000000,0,N/A,0
2022-Dec-18 08:24:20.324,OO0SEYJSBM,91282CFX4,IOC,BID,100.824219,1000000,0,N/A,0
2022-Dec-18 08:24:20.630,ZN0BQGHKCR,91282CFX4,IOC,OFFER,100.792969,1000000,0,N/A,0
2022-Dec-18 08:24:20.944,3BBW5V5N44,91282CFX4,IOC,BID,100.777344,1000000,0,N/A,0
2022-Dec-18 08:24:21.253,0UJAKDRABS,91282CFX4,IOC,OFFER,100.746094,1000000,0,N/A,0
2022-Dec-18 08:24:21.569,RHYNAHV1TZ,91282CFX4,IOC,BID,100.730469,1000000,0,N/A,0
2022-Dec-18 08:24:21.885,GMR7KGA239,91282CFX4,IOC,OFFER,100.699219,1000000,0,N/A,0
2022-Dec-18 08:24:22.194,16QJGN41RA,91282CFX4,IOC,BID,100.683594,1000000,0,N/A,0
2022-Dec-18 08:24:22.504,LL06W3IGIA,91282CFX4,IOC,OFFER,100.652344,1000000,0,N/A,0
2022-Dec-18 08:24:22.817,ON9ZW0JDL2,91282CFX4,IOC,BID,100.636719,1000000,0,N/A,0
2022-Dec-18 08:24:23.124,18UBS08SN9,91282CFX4,IOC,OFFER,100.605469,1000000,0,N/A,0
2022-Dec-18 08:24:23.429,SZASRGEO40,91282CFX4,IOC,BID,100.589844,1000000,0,N/A,0
2022-Dec-18 08:24:23.742,8QK9XJ7V6N,91282CFX4,IOC,OFFER,100.558594,1000000,0,N/A,0
2022-Dec-18 08:24:24.056,5IOI09YSF0,91282CFX4,IOC,BID,100.542969,1000000,0,N/A,0
2022-Dec-18 08:24:24.369,TZXY0BPRIF,91282CFX4,IOC,OFFER,100.511719,1000000,0,N/A,0
2022-Dec-18 08:24:24.678,NQDYA6K8CX,91282CFX4,IOC,BID,100.496094,1000000,0,N/A,0
2022-Dec-18 08:24:24.997,70Q5TI96YC,91282CFX4,IOC,OFFER,100.464844,1000000,0,N/A,0
2022-Dec-18 08:24:25.310,HS69UW72NP,91282CFX4,IOC,BID,100.449219,1000000,0,N/A,0
2022-Dec-18 08:24:25.620,XG2C31JSHW,91282CFX4,IOC,OFFER,100.417969,1000000,0,N/A,0
2022-Dec-18 08:24:25.929,CASO7URCZN,91282CFX4,IOC,BID,100.402344,1000000,0,N/A,0
2022-Dec-18 08:24:26.243,0HJ5YX89SX,91282CFX4,IOC,OFFER,100.371094,1000000,0,N/A,0
2022-Dec-18 08:24:26.557,L9F37AAO6H,91282CFX4,IOC,BID,100.355469,1000000,0,N/A,0
2022-Dec-18 08:24:26.870,7QS5A88MLW,91282CFX4,IOC,OFFER,100.324219,1000000,0,N/A,0
2022-Dec-18 08:24:27.184,WSFMGZU9WF,91282CFX4,IOC,BID,100.308594,1000000,0,N/A,0
2022-Dec-18 08:24:27.502,GC8ME09S4J,91282CFX4,IOC,OFFER,100.277344,1000000,0,N/A,0
2022-Dec-18 08:24:27.815,SBVOPXP2D5,91282CFX4,IOC,BID,100.261719,1000000,0,N/A,0
2022-Dec-18 08:24:28.132,JX7ASGEY2J,91282CFX4,IOC,OFFER,100.230469,1000000,0,N/A,0
2022-Dec-18 08:24:28.446,TAT1K0F7QN,91282CFX4,IOC,BID,100.214844,1000000,0,N/A,0
2022-Dec-18 08:24:28.762,POSLE7BL1W,91282CFX4,IOC,OFFER,100.183594,1000000,0,N/A,0
2022-Dec-18 08:24:29.070,CRWNERZ4R2,91282CFX4,IOC,BID,100.167969,1000000,0,N/A,0
2022-Dec-18 08:24:29.393,XJ159HK91M,91282CFX4,IOC,OFFER,100.136719,1000000,0,N/A,0
2022-Dec-18 08:24:29.712,7FWOVYGBDW,91282CFX4,IOC,BID,100.121094,1000000,0,N/A,0
2022-Dec-18 08:24:30.029,38TI6I8XMP,91282CFX4,IOC,OFFER,100.089844,1000000,0,N/A,0
2022-Dec-18 08:24:30.352,4VFV1GKQXR,91282CFX4,IOC,BID,100.074219,1000000,0,N/A,0
2022-Dec-18 08:24:30.657,AK9IKEZRT0,91282CFX4,IOC,OFFER,100.042969,1000000,0,N/A,0
2022-Dec-18 08:24:30.967,WWF45KA3VY,91282CFX4,IOC,BID,100.027344,1000000,0,N/A,0
2022-Dec-18 08:24:31.279,8GPNEXMDYS,91282CFX4,IOC,OFFER,99.996094,1000000,0,N/A,0
2022-Dec-18 08:24:31.597,FJE8SJNJLC,91282CFX4,IOC,BID,99.980469,1000000,0,N/A,0
2022-Dec-18 08:24:31.913,5AP7FRKYWJ,91282CFX4,IOC,OFFER,99.949219,1000000,0,N/A,0
2022-Dec-18 08:24:32.224,BNWC2UYUXX,91282CFX4,IOC,BID,99.933594,1000000,0,N/A,0
2022-Dec-18 08:24:32.537,BRFVVPAMZ7,91282CFX4,IOC,OFFER,99.902344,1000000,0,N/A,0
2022-Dec-18 08:24:32.851,0J0FKDEH43,91282CFX4,IOC,BID,99.886719,1000000,0,N/A,0
2022-Dec-18 08:24:33.167,QEJ9YMLU8P,91282CFX4,IOC,OFFER,99.855469,1000000,0,N/A,0
2022-Dec-18 08:24:33.484,13Q4GOBMHK,91282CFX4,IOC,BID,99.839844,1000000,0,N/A,0
2022-Dec-18 08:24:33.799,1748OYGFNA,91282CFX4,IOC,OFFER,99.808594,1000000,0,N/A,0
2022-Dec-18 08:24:34.117,CVLOAXEDTQ,91282CFX4,IOC,BID,99.792969,1000000,0,N/A,0
2022-Dec-18 08:24:34.435,797VXEMY6V,91282CFX4,IOC,OFFER,99.761719,1000000,0,N/A,0
2022-Dec-18 08:24:34.746,2VD2CVY238,91282CFX4,IOC,BID,99.746094,1000000,0,N/A,0
2022-Dec-18 08:24:35.063,K48J43HSEG,91282CFX4,IOC,OFFER,99.714844,1000000,0,N/A,0
2022-Dec-18 08:24:35.375,VL1IZ2LE42,91282CFX4,IOC,BID,99.699219,1000000,0,N/A,0
2022-Dec-18 08:24:35.688,YHH7KVMHN1,91282CFX4,IOC,OFFER,99.667969,1000000,0,N/A,0
2022-Dec-18 08:24:36.008,OTO7NKTF8V,91282CFX4,IOC,BID,99.652344,1000000,0,N/A,0
2022-Dec-18 08:24:36.334,7TKM0JRMY3,91282CFX4,IOC,OFFER,99.621094,1000000,0,N/A,0
2022-Dec-18 08:24:36.646,TN976HWVY2,91282CFX4,IOC,BID,99.605469,1000000,0,N/A,0
2022-Dec-18 08:24:36.958,JQWL0E3D0B,91282CFX4,IOC,OFFER,99.574219,1000000,0,N/A,0
2022-Dec-18 08:24:37.280,AB4UW472JI,91282CFX4,IOC,BID,99.558594,1000000,0,N/A,0
2022-Dec-18 08:24:37.601,SO191J52GH,91282CFX4,IOC,OFFER,99.527344,1000000,0,N/A,0
2022-Dec-18 08:24:37.920,NRRUJO7H2Y,91282CFX4,IOC,BID,99.511719,1000000,0,N/A,0
2022-Dec-18 08:24:38.237,8XPQH421YL,91282CFX4,IOC,OFFER,99.480469,1000000,0,N/A,0
2022-Dec-18 08:24:38.553,0KQX5XYPK8,91282CFX4,IOC,BID,99.464844,1000000,0,N/A,0
2022-Dec-18 08:24:38.869,NPYO3JO3QD,91282CFX4,IOC,OFFER,99.433594,1000000,0,N/A,0
2022-Dec-18 08:24:39.186,LHRE85VA80,91282CFX4,IOC,BID,99.417969,1000000,0,N/A,0
2022-Dec-18 08:24:39.501,XF4O37DIGB,91282CFX4,IOC,OFFER,99.386719,1000000,0,N/A,0
2022-Dec-18 08:24:39.819,W98DYPZ4M2,91282CFX4,IOC,BID,99.371094,1000000,0,N/A,0
2022-Dec-18 08:24:40.136,O7F6R2V8L0,91282CFX4,IOC,OFFER,99.339844,1000000,0,N/A,0
2022-Dec-18 08:24:40.453,IPBDMF6ZZY,91282CFX4,IOC,BID,99.324219,1000000,0,N/A,0
2022-Dec-18 08:24:40.770,MXEISN3DPM,91282CFX4,IOC,OFFER,99.292969,1000000,0,N/A,0
2022-Dec-18 08:24:41.087,3LA9D7KKTU,91282CFX4,IOC,BID,99.277344,1000000,0,N/A,0
2022-Dec-18 08:24:41.403,BJ51YOCAMF,91282CFX4,IOC,OFFER,99.246094,1000000,0,N/A,0
2022-Dec-18 08:24:41.725,3ZKMADATJQ,91282CFX4,IOC,BID,99.230469,1000000,0,N/A,0
2022-Dec-18 08:24:42.038,YNEVB5MVTZ,91282CFX4,IOC,OFFER,99.199219,1000000,0,N/A,0
2022-Dec-18 08:24:42.353,STBYRKINB7,91282CFX4,IOC,BID,99.183594,1000000,0,N/A,0
2022-Dec-18 08:24:42.666,A11A8K37IT,91282CFX4,IOC,OFFER,99.152344,1000000,0,N/A,0
2022-Dec-18 08:24:42.982,6QTO7SM66U,91282CFX4,IOC,BID,99.136719,1000000,0,N/A,0
2022-Dec-18 08:24:43.296,I8711PYI49,91282CFX4,IOC,OFFER,99.105469,1000000,0,N/A,0
2022-Dec-18 08:24:43.612,B3QCD8TPJZ,91282CFW6,IOC,BID,99.089844,1000000,0,N/A,0
2022-Dec-18 08:24:43.929,QRZ5DL9THS,91282CFW6,IOC,OFFER,99.058594,1000000,0,N/A,0
2022-Dec-18 08:24:44.246,48V3WW72EX,91282CFW6,IOC,BID,99.042969,1000000,0,N/A,0
2022-Dec-18 08:24:44.566,VDHT3OB4WI,91282CFW6,IOC,OFFER,99.011719,1000000,0,N/A,0
2022-Dec-18 08:24:44.888,6JBV197XOW,91282CFW6,IOC,BID,99.011719,1000000,0,N/A,0
2022-Dec-18 08:24:45.205,4YBJX29FHK,91282CFW6,IOC,OFFER,99.027344,1000000,0,N/A,0
2022-Dec-18 08:24:45.515,HISUV4Q6VZ,91282CFW6,IOC,BID,99.058594,1000000,0,N/A,0
2022-Dec-18 08:24:45.833,SKXX1DROG4,91282CFW6,IOC,OFFER,99.074219,1000000,0,N/A,0
2022-Dec-18 08:24:46.150,N9QTTR9BMR,91282CFW6,IOC,BID,99.105469,1000000,0,N/A,0
2022-Dec-18 08:24:46.462,GTL7T6MQ9Q,91282CFW6,IOC,OFFER,99.121094,1000000,0,N/A,0
2022-Dec-18 08:24:46.776,ADR7VZZXUM,91282CFW6,IOC,BID,99.152344,1000000,0,N/A,0
2022-Dec-18 08:24:47.091,FYG3ZM1UGG,91282CFW6,IOC,OFFER,99.167969,1000000,0,N/A,0
2022-Dec-18 08:24:47.405,NTRW2QQZ2A,91282CFW6,IOC,BID,99.199219,1000000,0,N/A,0
2022-Dec-18 08:24:47.724,2APIWWVXIQ,91282CFW6,IOC,OFFER,99.214844,1000000,0,N/A,0
2022-Dec-18 08:24:48.037,S045W8WTPI,91282CFW6,IOC,BID,99.246094,1000000,0,N/A,0
2022-Dec-18 08:24:48.355,RTLZBX5JG2,91282CFW6,IOC,OFFER,99.261719,1000000,0,N/A,0
2022-Dec-18 08:24:48.668,5OFAGCA1HW,91282CFW6,IOC,BID,99.292969,1000000,0,N/A,0
2022-Dec-18 08:24:48.983,148WUS2V1M,91282CFW6,IOC,OFFER,99.308594,1000000,0,N/A,0
2022-Dec-18 08:24:49.299,DBVEHYE5LQ,91282CFW6,IOC,BID,99.339844,1000000,0,N/A,0
2022-Dec-18 08:24:49.609,8MAUNTTXJL,91282CFW6,IOC,OFFER,99.355469,1000000,0,N/A,0
2022-Dec-18 08:24:49.929,4MFPUNU2UE,91282CFW6,IOC,BID,99.386719,1000000,0,N/A,0
2022-Dec-18 08:24:50.248,ZJXDFQQSNR,91282CFW6,IOC,OFFER,99.402344,1000000,0,N/A,0
2022-Dec-18 08:24:50.569,BHEQY0GJ2W,91282CFW6,IOC,BID,99.433594,1000000,0,N/A,0
2022-Dec-18 08:24:50.890,XCBEO0R3LU,91282CFW6,IOC,OFFER,99.449219,1000000,0,N/A,0
2022-Dec-18 08:24:51.207,IIBUR8N4EW,91282CFW6,IOC,BID,99.480469,1000000,0,N/A,0
2022-Dec-18 08:24:51.521,P2IY11OK55,91282CFW6,IOC,OFFER,99.496094,1000000,0,N/A,0
2022-Dec-18 08:24:51.833,LCM0KRK8F0,91282CFW6,IOC,BID,99.527344,1000000,0,N/A,0
2022-Dec-18 08:24:52.153,9T5QD1B1VR,91282CFW6,IOC,OFFER,99.542969,1000000,0,N/A,0
2022-Dec-18 08:24:52.476,6W19FRXPL9,91282CFW6,IOC,BID,99.574219,1000000,0,N/A,0
2022-Dec-18 08:24:52.784,E8T7OFG3PU,91282CFW6,IOC,OFFER,99.589844,1000000,0,N/A,0
2022-Dec-18 08:24:53.096,OG9QQ11MF4,91282CFW6,IOC,BID,99.621094,1000000,0,N/A,0
2022-Dec-18 08:24:53.412,392VW8O7VH,91282CFW6,IOC,OFFER,99.636719,1000000,0,N/A,0
2022-Dec-18 08:24:53.733,ZZW0MLJ964,91282CFW6,IOC,BID,99.667969,1000000,0,N/A,0
2022-Dec-18 08:24:54.048,NFHMPCYUA4,91282CFW6,IOC,OFFER,99.683594,1000000,0,N/A,0
2022-Dec-18 08:24:54.363,ODM29NOM93,91282CFW6,IOC,BID,99.714844,1000000,0,N/A,0
2022-Dec-18 08:24:54.683,K6VIZJBRJQ,91282CFW6,IOC,OFFER,99.730469,1000000,0,N/A,0
2022-Dec-18 08:24:55.006,T3MGNWVWBO,91282CFW6,IOC,BID,99.761719,1000000,0,N/A,0
2022-Dec-18 08:24:55.322,1YFLFAM7O0,91282CFW6,IOC,OFFER,99.777344,1000000,0,N/A,0
2022-Dec-18 08:24:55.641,UX98S2DFNA,91282CFW6,IOC,BID,99.808594,1000000,0,N/A,0
2022-Dec-18 08:24:55.956,SJBKOBPP1F,91282CFW6,IOC,OFFER,99.824219,1000000,0,N/A,0
2022-Dec-18 08:24:56.273,UP7J4G4DC8,91282CFW6,IOC,BID,99.855469,1000000,0,N/A,0
2022-Dec-18 08:24:56.586,9PXZOME3UH,91282CFW6,IOC,OFFER,99.871094,1000000,0,N/A,0
2022-Dec-18 08:24:56.904,QPHH61ZLQO,91282CFW6,IOC,BID,99.902344,1000000,0,N/A,0
2022-Dec-18 08:24:57.218,009TNTRM0X,91282CFW6,IOC,OFFER,99.917969,1000000,0,N/A,0
2022-Dec-18 08:24:57.533,CM70BZF2L7,91282CFW6,IOC,BID,99.949219,1000000,0,N/A,0
2022-Dec-18 08:24:57.850,6J8TP0ULCQ,91282CFW6,IOC,OFFER,99.964844,1000000,0,N/A,0
2022-Dec-18 08:24:58.166,V9MEX17CPM,91282CFW6,IOC,BID,99.996094,1000000,0,N/A,0
2022-Dec-18 08:24:58.480,D6MU8EZU8J,91282CFW6,IOC,OFFER,100.011719,1000000,0,N/A,0
2022-Dec-18 08:24:58.795,8XFJWXOQYB,91282CFW6,IOC,BID,100.042969,1000000,0,N/A,0
2022-Dec-18 08:24:59.108,KATK3UBAZN,91282CFW6,IOC,OFFER,100.058594,1000000,0,N/A,0
2022-Dec-18 08:24:59.425,MEZ9ZV6ZOK,91282CFW6,IOC,BID,100.089844,1000000,0,N/A,0
2022-Dec-18 08:24:59.742,GNTWHKLCOD,91282CFW6,IOC,OFFER,100.105469,1000000,0,N/A,0
2022-Dec-18 08:25:00.062,5NA26E0FLD,91282CFW6,IOC,BID,100.136719,1000000,0,N/A,0
2022-Dec-18 08:25:00.381,WNK6S9XDNO,91282CFW6,IOC,OFFER,100.152344,1000000,0,N/A,0
2022-Dec-18 08:25:00.701,AI5F3I2SFV,91282CFW6,IOC,BID,100.183594,1000000,0,N/A,0
2022-Dec-18 08:25:01.021,QZXNO89YV5,91282CFW6,IOC,OFFER,100.199219,1000000,0,N/A,0
2022-Dec-18 08:25:01.332,EQIW1G2YJA,91282CFW6,IOC,BID,100.230469,1000000,0,N/A,0
2022-Dec-18 08:25:01.651,MJQO4MPA0Q,91282CFW6,IOC,OFFER,100.246094,1000000,0,N/A,0
2022-Dec-18 08:25:01.965,VWQ7YYEUQV,91282CFW6,IOC,BID,100.277344,1000000,0,N/A,0
2022-Dec-18 08:25:02.289,F123Y8ACU1,91282CFW6,IOC,OFFER,100.292969,1000000,0,N/A,0
2022-Dec-18 08:25:02.605,FG7YZGR6D1,91282CFW6,IOC,BID,100.324219,1000000,0,N/A,0
2022-Dec-18 08:25:02.922,XNFV87YBFF,91282CFW6,IOC,OFFER,100.339844,1000000,0,N/A,0
2022-Dec-18 08:25:03.239,T3D6IVW9ZX,91282CFW6,IOC,BID,100.371094,1000000,0,N/A,0
2022-Dec-18 08:25:03.548,ENECD659SN,91282CFW6,IOC,OFFER,100.386719,1000000,0,N/A,0
2022-Dec-18 08:25:03.861,3EAXZ9H1NY,91282CFW6,IOC,BID,100.417969,1000000,0,N/A,0
2022-Dec-18 08:25:04.175,BE2A22EBTV,91282CFW6,IOC,OFFER,100.433594,1000000,0,N/A,0
2022-Dec-18 08:25:04.483,J5CZC0NLHT,91282CFW6,IOC,BID,100.464844,1000000,0,N/A,0
2022-Dec-18 08:25:04.799,F8BL78V0F7,91282CFW6,IOC,OFFER,100.480469,1000000,0,N/A,0
2022-Dec-18 08:25:05.116,D45SO8OIF9,91282CFW6,IOC,BID,100.511719,1000000,0,N/A,0
2022-Dec-18 08:25:05.423,GT4GQJ1MW9,91282CFW6,IOC,OFFER,100.527344,1000000,0,N/A,0
2022-Dec-18 08:25:05.739,D05CLNP6EF,91282CFW6,IOC,BID,100.558594,1000000,0,N/A,0
2022-Dec-18 08:25:06.052,UBZEN3LFC0,91282CFW6,IOC,OFFER,100.574219,1000000,0,N/A,0
2022-Dec-18 08:25:06.370,X1VU2LC6K3,91282CFW6,IOC,BID,100.605469,1000000,0,N/A,0
2022-Dec-18 08:25:06.690,D6CE659COT,91282CFW6,IOC,OFFER,100.621094,1000000,0,N/A,0
