time,product_id,bid_price,bid_visible_quantity,bid_hidden_quantity,offer_price,offer_visible_quantity,offer_hidden_quantity
2022-Dec-18 00:56:27.111882,91282CFX4,98.996094,1000000,2000000,99.003906,1000000,2000000
2022-Dec-18 00:56:28.115069,91282CFX4,98.996094,2000000,4000000,99.011719,2000000,4000000
2022-Dec-18 00:56:29.119705,91282CFX4,99.003906,1000000,2000000,99.011719,1000000,2000000
2022-Dec-18 00:56:30.123145,91282CFX4,99.003906,2000000,4000000,99.019531,2000000,4000000
2022-Dec-18 00:56:31.128017,91282CFX4,99.011719,1000000,2000000,99.019531,1000000,2000000
2022-Dec-18 00:56:32.129776,91282CFX4,99.011719,2000000,4000000,99.027344,2000000,4000000
2022-Dec-18 00:56:33.130246,91282CFX4,99.019531,1000000,2000000,99.027344,1000000,2000000
2022-Dec-18 00:56:34.134415,91282CFX4,99.019531,2000000,4000000,99.035156,2000000,4000000
2022-Dec-18 00:56:35.137893,91282CFX4,99.027344,1000000,2000000,99.035156,1000000,2000000
2022-Dec-18 00:56:36.138114,91282CFX4,99.027344,2000000,4000000,99.042969,2000000,4000000
2022-Dec-18 00:56:37.142353,91282CFX4,99.035156,1000000,2000000,99.042969,1000000,2000000
2022-Dec-18 00:56:38.144355,91282CFX4,99.035156,2000000,4000000,99.050781,2000000,4000000
2022-Dec-18 00:56:39.144600,91282CFX4,99.042969,1000000,2000000,99.050781,1000000,2000000
2022-Dec-18 00:56:40.148186,91282CFX4,99.042969,2000000,4000000,99.058594,2000000,4000000
2022-Dec-18 00:56:41.148678,91282CFX4,99.050781,1000000,2000000,99.058594,1000000,2000000
2022-Dec-18 00:56:42.149171,91282CFX4,99.050781,2000000,4000000,99.066406,2000000,4000000
2022-Dec-18 00:56:43.153686,91282CFX4,99.058594,1000000,2000000,99.066406,1000000,2000000
2022-Dec-18 00:56:44.156595,91282CFX4,99.058594,2000000,4000000,99.074219,2000000,4000000
2022-Dec-18 00:56:45.161846,91282CFX4,99.066406,1000000,2000000,99.074219,1000000,2000000
2022-Dec-18 00:56:46.165378,91282CFX4,99.066406,2000000,4000000,99.082031,2000000,4000000
2022-Dec-18 00:56:47.166985,91282CFX4,99.074219,1000000,2000000,99.082031,1000000,2000000
2022-Dec-18 00:56:48.169616,91282CFX4,99.074219,2000000,4000000,99.089844,2000000,4000000
2022-Dec-18 00:56:49.173042,91282CFX4,99.082031,1000000,2000000,99.089844,1000000,2000000
2022-Dec-18 00:56:50.175135,91282CFX4,99.082031,2000000,4000000,99.097656,2000000,4000000
2022-Dec-18 00:56:51.178526,91282CFX4,99.089844,1000000,2000000,99.097656,1000000,2000000
2022-Dec-18 00:56:52.183614,91282CFX4,99.089844,2000000,4000000,99.105469,2000000,4000000
2022-Dec-18 00:56:53.186280,91282CFX4,99.097656,1000000,2000000,99.105469,1000000,2000000
2022-Dec-18 00:56:54.189745,91282CFX4,99.097656,2000000,4000000,99.113281,2000000,4000000
2022-Dec-18 00:56:55.193938,91282CFX4,99.105469,1000000,2000000,99.113281,1000000,2000000
2022-Dec-18 00:56:56.195119,91282CFX4,99.105469,2000000,4000000,99.121094,2000000,4000000
2022-Dec-18 00:56:57.195440,91282CFX4,99.113281,1000000,2000000,99.121094,1000000,2000000
2022-Dec-18 00:56:58.196576,91282CFX4,99.113281,2000000,4000000,99.128906,2000000,4000000
2022-Dec-18 00:56:59.196651,91282CFX4,99.121094,1000000,2000000,99.128906,1000000,2000000
2022-Dec-18 00:57:00.196815,91282CFX4,99.121094,2000000,4000000,99.136719,2000000,4000000
2022-Dec-18 00:57:01.198032,91282CFX4,99.128906,1000000,2000000,99.136719,1000000,2000000
2022-Dec-18 00:57:02.198111,91282CFX4,99.128906,2000000,4000000,99.144531,2000000,4000000
2022-Dec-18 00:57:03.198844,91282CFX4,99.136719,1000000,2000000,99.144531,1000000,2000000
2022-Dec-18 00:57:04.200552,91282CFX4,99.136719,2000000,4000000,99.152344,2000000,4000000
2022-Dec-18 00:57:05.202055,91282CFX4,99.144531,1000000,2000000,99.152344,1000000,2000000
2022-Dec-18 00:57:06.206036,91282CFX4,99.144531,2000000,4000000,99.160156,2000000,4000000
2022-Dec-18 00:57:07.208170,91282CFX4,99.152344,1000000,2000000,99.160156,1000000,2000000
2022-Dec-18 00:57:08.210330,91282CFX4,99.152344,2000000,4000000,99.167969,2000000,4000000
2022-Dec-18 00:57:09.210698,91282CFX4,99.160156,1000000,2000000,99.167969,1000000,2000000
2022-Dec-18 00:57:10.214330,91282CFX4,99.160156,2000000,4000000,99.175781,2000000,4000000
2022-Dec-18 00:57:11.217821,91282CFX4,99.167969,1000000,2000000,99.175781,1000000,2000000
2022-Dec-18 00:57:12.222350,91282CFX4,99.167969,2000000,4000000,99.183594,2000000,4000000
2022-Dec-18 00:57:13.224446,91282CFX4,99.175781,1000000,2000000,99.183594,1000000,2000000
2022-Dec-18 00:57:14.229098,91282CFX4,99.175781,2000000,4000000,99.191406,2000000,4000000
2022-Dec-18 00:57:15.233250,91282CFX4,99.183594,1000000,2000000,99.191406,1000000,2000000
2022-Dec-18 00:57:16.237581,91282CFX4,99.183594,2000000,4000000,99.199219,2000000,4000000
2022-Dec-18 00:57:17.239779,91282CFX4,99.191406,1000000,2000000,99.199219,1000000,2000000
2022-Dec-18 00:57:18.241504,91282CFX4,99.191406,2000000,4000000,99.207031,2000000,4000000
2022-Dec-18 00:57:19.245522,91282CFX4,99.199219,1000000,2000000,99.207031,1000000,2000000
2022-Dec-18 00:57:20.249192,91282CFX4,99.199219,2000000,4000000,99.214844,2000000,4000000
2022-Dec-18 00:57:21.254443,91282CFX4,99.207031,1000000,2000000,99.214844,1000000,2000000
2022-Dec-18 00:57:22.258122,91282CFX4,99.207031,2000000,4000000,99.222656,2000000,4000000
2022-Dec-18 00:57:23.262484,91282CFX4,99.214844,1000000,2000000,99.222656,1000000,2000000
2022-Dec-18 00:57:24.263147,91282CFX4,99.214844,2000000,4000000,99.230469,2000000,4000000
2022-Dec-18 00:57:25.264294,91282CFX4,99.222656,1000000,2000000,99.230469,1000000,2000000
2022-Dec-18 00:57:26.269513,91282CFX4,99.222656,2000000,4000000,99.238281,2000000,4000000
2022-Dec-18 00:57:27.272242,91282CFX4,99.230469,1000000,2000000,99.238281,1000000,2000000
2022-Dec-18 00:57:28.273076,91282CFX4,99.230469,2000000,4000000,99.246094,2000000,4000000
2022-Dec-18 00:57:29.278409,91282CFX4,99.238281,1000000,2000000,99.246094,1000000,2000000
2022-Dec-18 00:57:30.283650,91282CFX4,99.238281,2000000,4000000,99.253906,2000000,4000000
2022-Dec-18 00:57:31.288806,91282CFX4,99.246094,1000000,2000000,99.253906,1000000,2000000
2022-Dec-18 00:57:32.294015,91282CFX4,99.246094,2000000,4000000,99.261719,2000000,4000000
2022-Dec-18 00:57:33.299257,91282CFX4,99.253906,1000000,2000000,99.261719,1000000,2000000
2022-Dec-18 00:57:34.300579,91282CFX4,99.253906,2000000,4000000,99.269531,2000000,4000000
2022-Dec-18 00:57:35.301829,91282CFX4,99.261719,1000000,2000000,99.269531,1000000,2000000
2022-Dec-18 00:57:36.302934,91282CFX4,99.261719,2000000,4000000,99.277344,2000000,4000000
2022-Dec-18 00:57:37.303760,91282CFX4,99.269531,1000000,2000000,99.277344,1000000,2000000
2022-Dec-18 00:57:38.306553,91282CFX4,99.269531,2000000,4000000,99.285156,2000000,4000000
2022-Dec-18 00:57:39.311755,91282CFX4,99.277344,1000000,2000000,99.285156,1000000,2000000
2022-Dec-18 00:57:40.313625,91282CFX4,99.277344,2000000,4000000,99.292969,2000000,4000000
2022-Dec-18 00:57:41.318888,91282CFX4,99.285156,1000000,2000000,99.292969,1000000,2000000
2022-Dec-18 00:57:42.321840,91282CFX4,99.285156,2000000,4000000,99.300781,2000000,4000000
2022-Dec-18 00:57:43.327020,91282CFX4,99.292969,1000000,2000000,99.300781,1000000,2000000
2022-Dec-18 00:57:44.327368,91282CFX4,99.292969,2000000,4000000,99.308594,2000000,4000000
2022-Dec-18 00:57:45.332095,91282CFX4,99.300781,1000000,2000000,99.308594,1000000,2000000
2022-Dec-18 00:57:46.337340,91282CFX4,99.300781,2000000,4000000,99.316406,2000000,4000000
2022-Dec-18 00:57:47.338331,91282CFX4,99.308594,1000000,2000000,99.316406,1000000,2000000
2022-Dec-18 00:57:48.338554,91282CFX4,99.308594,2000000,4000000,99.324219,2000000,4000000
2022-Dec-18 00:57:49.341406,91282CFX4,99.316406,1000000,2000000,99.324219,1000000,2000000
2022-Dec-18 00:57:50.341654,91282CFX4,99.316406,2000000,4000000,99.332031,2000000,4000000
2022-Dec-18 00:57:51.342641,91282CFX4,99.324219,1000000,2000000,99.332031,1000000,2000000
2022-Dec-18 00:57:52.343040,91282CFX4,99.324219,2000000,4000000,99.339844,2000000,4000000
2022-Dec-18 00:57:53.344731,91282CFX4,99.332031,1000000,2000000,99.339844,1000000,2000000
2022-Dec-18 00:57:54.347143,91282CFX4,99.332031,2000000,4000000,99.347656,2000000,4000000
2022-Dec-18 00:57:55.347517,91282CFX4,99.339844,1000000,2000000,99.347656,1000000,2000000
2022-Dec-18 00:57:56.351652,91282CFX4,99.339844,2000000,4000000,99.355469,2000000,4000000
2022-Dec-18 00:57:57.353466,91282CFX4,99.347656,1000000,2000000,99.355469,1000000,2000000
2022-Dec-18 00:57:58.357843,91282CFX4,99.347656,2000000,4000000,99.363281,2000000,4000000
2022-Dec-18 00:57:59.361106,91282CFX4,99.355469,1000000,2000000,99.363281,1000000,2000000
2022-Dec-18 00:58:00.362600,91282CFX4,99.355469,2000000,4000000,99.371094,2000000,4000000
2022-Dec-18 00:58:01.362254,91282CFX4,99.363281,1000000,2000000,99.371094,1000000,2000000
2022-Dec-18 00:58:02.362297,91282CFX4,99.363281,2000000,4000000,99.378906,2000000,4000000
2022-Dec-18 00:58:03.367447,91282CFX4,99.371094,1000000,2000000,99.378906,1000000,2000000
2022-Dec-18 00:58:04.370075,91282CFX4,99.371094,2000000,4000000,99.386719,2000000,4000000
2022-Dec-18 00:58:05.373624,91282CFX4,99.378906,1000000,2000000,99.386719,1000000,2000000
2022-Dec-18 00:58:06.377162,91282CFX4,99.378906,2000000,4000000,99.394531,2000000,4000000
2022-Dec-18 00:58:07.380469,91282CFX4,99.386719,1000000,2000000,99.394531,1000000,2000000
2022-Dec-18 00:58:08.382380,91282CFX4,99.386719,2000000,4000000,99.402344,2000000,4000000
2022-Dec-18 00:58:09.383137,91282CFX4,99.394531,1000000,2000000,99.402344,1000000,2000000
2022-Dec-18 00:58:10.383247,91282CFX4,99.394531,2000000,4000000,99.410156,2000000,4000000
2022-Dec-18 00:58:11.384922,91282CFX4,99.402344,1000000,2000000,99.410156,1000000,2000000
2022-Dec-18 00:58:12.389208,91282CFX4,99.402344,2000000,4000000,99.417969,2000000,4000000
2022-Dec-18 00:58:13.389931,91282CFX4,99.410156,1000000,2000000,99.417969,1000000,2000000
2022-Dec-18 00:58:14.393388,91282CFX4,99.410156,2000000,4000000,99.425781,2000000,4000000
2022-Dec-18 00:58:15.397118,91282CFX4,99.417969,1000000,2000000,99.425781,1000000,2000000
2022-Dec-18 00:58:16.398228,91282CFX4,99.417969,2000000,4000000,99.433594,2000000,4000000
2022-Dec-18 00:58:17.403371,91282CFX4,99.425781,1000000,2000000,99.433594,1000000,2000000
2022-Dec-18 00:58:18.408507,91282CFX4,99.425781,2000000,4000000,99.441406,2000000,4000000
2022-Dec-18 00:58:19.413558,91282CFX4,99.433594,1000000,2000000,99.441406,1000000,2000000
2022-Dec-18 00:58:20.415807,91282CFX4,99.433594,2000000,4000000,99.449219,2000000,4000000
2022-Dec-18 00:58:21.420520,91282CFX4,99.441406,1000000,2000000,99.449219,1000000,2000000
2022-Dec-18 00:58:22.422654,91282CFX4,99.441406,2000000,4000000,99.457031,2000000,4000000
2022-Dec-18 00:58:23.427631,91282CFX4,99.449219,1000000,2000000,99.457031,1000000,2000000
2022-Dec-18 00:58:24.432790,91282CFX4,99.449219,2000000,4000000,99.464844,2000000,4000000
2022-Dec-18 00:58:25.437097,91282CFX4,99.457031,1000000,2000000,99.464844,1000000,2000000
2022-Dec-18 00:58:26.442262,91282CFX4,99.457031,2000000,4000000,99.472656,2000000,4000000
2022-Dec-18 00:58:27.447363,91282CFX4,99.464844,1000000,2000000,99.472656,1000000,2000000
2022-Dec-18 00:58:28.448919,91282CFX4,99.464844,2000000,4000000,99.480469,2000000,4000000
2022-Dec-18 00:58:29.452261,91282CFX4,99.472656,1000000,2000000,99.480469,1000000,2000000
2022-Dec-18 00:58:30.452650,91282CFX4,99.472656,2000000,4000000,99.488281,2000000,4000000
2022-Dec-18 00:58:31.453516,91282CFX4,99.480469,1000000,2000000,99.488281,1000000,2000000
2022-Dec-18 00:58:32.458311,91282CFX4,99.480469,2000000,4000000,99.496094,2000000,4000000
2022-Dec-18 00:58:33.463454,91282CFX4,99.488281,1000000,2000000,99.496094,1000000,2000000
2022-Dec-18 00:58:34.468685,91282CFX4,99.488281,2000000,4000000,99.503906,2000000,4000000
2022-Dec-18 00:58:35.470493,91282CFX4,99.496094,1000000,2000000,99.503906,1000000,2000000
2022-Dec-18 00:58:36.474953,91282CFX4,99.496094,2000000,4000000,99.511719,2000000,4000000
2022-Dec-18 00:58:37.475305,91282CFX4,99.503906,1000000,2000000,99.511719,1000000,2000000
2022-Dec-18 00:58:38.480522,91282CFX4,99.503906,2000000,4000000,99.519531,2000000,4000000
2022-Dec-18 00:58:39.481147,91282CFX4,99.511719,1000000,2000000,99.519531,1000000,2000000
2022-Dec-18 00:58:40.486250,91282CFX4,99.511719,2000000,4000000,99.527344,2000000,4000000
2022-Dec-18 00:58:41.486968,91282CFX4,99.519531,1000000,2000000,99.527344,1000000,2000000
2022-Dec-18 00:58:42.488065,91282CFX4,99.519531,2000000,4000000,99.535156,2000000,4000000
2022-Dec-18 00:58:43.489356,91282CFX4,99.527344,1000000,2000000,99.535156,1000000,2000000
2022-Dec-18 00:58:44.490255,91282CFX4,99.527344,2000000,4000000,99.542969,2000000,4000000
2022-Dec-18 00:58:45.495440,91282CFX4,99.535156,1000000,2000000,99.542969,1000000,2000000
2022-Dec-18 00:58:46.500670,91282CFX4,99.535156,2000000,4000000,99.550781,2000000,4000000
2022-Dec-18 00:58:47.505851,91282CFX4,99.542969,1000000,2000000,99.550781,1000000,2000000
2022-Dec-18 00:58:48.511043,91282CFX4,99.542969,2000000,4000000,99.558594,2000000,4000000
2022-Dec-18 00:58:49.516262,91282CFX4,99.550781,1000000,2000000,99.558594,1000000,2000000
2022-Dec-18 00:58:50.521437,91282CFX4,99.550781,2000000,4000000,99.566406,2000000,4000000
2022-Dec-18 00:58:51.524645,91282CFX4,99.558594,1000000,2000000,99.566406,1000000,2000000
2022-Dec-18 00:58:52.529830,91282CFX4,99.558594,2000000,4000000,99.574219,2000000,4000000
2022-Dec-18 00:58:53.533060,91282CFX4,99.566406,1000000,2000000,99.574219,1000000,2000000
2022-Dec-18 00:58:54.536772,91282CFX4,99.566406,2000000,4000000,99.582031,2000000,4000000
2022-Dec-18 00:58:55.537512,91282CFX4,99.574219,1000000,2000000,99.582031,1000000,2000000
2022-Dec-18 00:58:56.537673,91282CFX4,99.574219,2000000,4000000,99.589844,2000000,4000000
2022-Dec-18 00:58:57.540631,91282CFX4,99.582031,1000000,2000000,99.589844,1000000,2000000
2022-Dec-18 00:58:58.540739,91282CFX4,99.582031,2000000,4000000,99.597656,2000000,4000000
2022-Dec-18 00:58:59.541218,91282CFX4,99.589844,1000000,2000000,99.597656,1000000,2000000
2022-Dec-18 00:59:00.542468,91282CFX4,99.589844,2000000,4000000,99.605469,2000000,4000000
2022-Dec-18 00:59:01.549279,91282CFX4,99.597656,1000000,2000000,99.605469,1000000,2000000
2022-Dec-18 00:59:02.553107,91282CFX4,99.597656,2000000,4000000,99.613281,2000000,4000000
2022-Dec-18 00:59:03.557185,91282CFX4,99.605469,1000000,2000000,99.613281,1000000,2000000
2022-Dec-18 00:59:04.562426,91282CFX4,99.605469,2000000,4000000,99.621094,2000000,4000000
2022-Dec-18 00:59:05.564429,91282CFX4,99.613281,1000000,2000000,99.621094,1000000,2000000
2022-Dec-18 00:59:06.568182,91282CFX4,99.613281,2000000,4000000,99.628906,2000000,4000000
2022-Dec-18 00:59:07.571621,91282CFX4,99.621094,1000000,2000000,99.628906,1000000,2000000
2022-Dec-18 00:59:08.575637,91282CFX4,99.621094,2000000,4000000,99.636719,2000000,4000000
2022-Dec-18 00:59:09.580855,91282CFX4,99.628906,1000000,2000000,99.636719,1000000,2000000
2022-Dec-18 00:59:10.586108,91282CFX4,99.628906,2000000,4000000,99.644531,2000000,4000000
2022-Dec-18 00:59:11.591313,91282CFX4,99.636719,1000000,2000000,99.644531,1000000,2000000
2022-Dec-18 00:59:12.593528,91282CFX4,99.636719,2000000,4000000,99.652344,2000000,4000000
2022-Dec-18 00:59:13.597734,91282CFX4,99.644531,1000000,2000000,99.652344,1000000,2000000
2022-Dec-18 00:59:14.600643,91282CFX4,99.644531,2000000,4000000,99.660156,2000000,4000000
2022-Dec-18 00:59:15.603327,91282CFX4,99.652344,1000000,2000000,99.660156,1000000,2000000
2022-Dec-18 00:59:16.608538,91282CFX4,99.652344,2000000,4000000,99.667969,2000000,4000000
2022-Dec-18 00:59:17.612893,91282CFX4,99.660156,1000000,2000000,99.667969,1000000,2000000
2022-Dec-18 00:59:18.616258,91282CFX4,99.660156,2000000,4000000,99.675781,2000000,4000000
2022-Dec-18 00:59:19.616970,91282CFX4,99.667969,1000000,2000000,99.675781,1000000,2000000
2022-Dec-18 00:59:20.620870,91282CFX4,99.667969,2000000,4000000,99.683594,2000000,4000000
2022-Dec-18 00:59:21.621626,91282CFX4,99.675781,1000000,2000000,99.683594,1000000,2000000
2022-Dec-18 00:59:22.621828,91282CFX4,99.675781,2000000,4000000,99.691406,2000000,4000000
2022-Dec-18 00:59:23.622359,91282CFX4,99.683594,1000000,2000000,99.691406,1000000,2000000
2022-Dec-18 00:59:24.622339,91282CFX4,99.683594,2000000,4000000,99.699219,2000000,4000000
2022-Dec-18 00:59:25.624012,91282CFX4,99.691406,1000000,2000000,99.699219,1000000,2000000
2022-Dec-18 00:59:26.624324,91282CFX4,99.691406,2000000,4000000,99.707031,2000000,4000000
2022-Dec-18 00:59:27.629632,91282CFX4,99.699219,1000000,2000000,99.707031,1000000,2000000
2022-Dec-18 00:59:28.631611,91282CFX4,99.699219,2000000,4000000,99.714844,2000000,4000000
2022-Dec-18 00:59:29.635354,91282CFX4,99.707031,1000000,2000000,99.714844,1000000,2000000
2022-Dec-18 00:59:30.635714,91282CFX4,99.707031,2000000,4000000,99.722656,2000000,4000000
2022-Dec-18 00:59:31.641013,91282CFX4,99.714844,1000000,2000000,99.722656,1000000,2000000
2022-Dec-18 00:59:32.645194,91282CFX4,99.714844,2000000,4000000,99.730469,2000000,4000000
2022-Dec-18 00:59:33.648777,91282CFX4,99.722656,1000000,2000000,99.730469,1000000,2000000
2022-Dec-18 00:59:34.654008,91282CFX4,99.722656,2000000,4000000,99.738281,2000000,4000000
2022-Dec-18 00:59:35.656060,91282CFX4,99.730469,1000000,2000000,99.738281,1000000,2000000
2022-Dec-18 00:59:36.661260,91282CFX4,99.730469,2000000,4000000,99.746094,2000000,4000000
2022-Dec-18 00:59:37.665710,91282CFX4,99.738281,1000000,2000000,99.746094,1000000,2000000
2022-Dec-18 00:59:38.670933,91282CFX4,99.738281,2000000,4000000,99.753906,2000000,4000000
2022-Dec-18 00:59:39.671181,91282CFX4,99.746094,1000000,2000000,99.753906,1000000,2000000
2022-Dec-18 00:59:40.673182,91282CFX4,99.746094,2000000,4000000,99.761719,2000000,4000000
2022-Dec-18 00:59:41.674400,91282CFX4,99.753906,1000000,2000000,99.761719,1000000,2000000
2022-Dec-18 00:59:42.675189,91282CFX4,99.753906,2000000,4000000,99.769531,2000000,4000000
2022-Dec-18 00:59:43.675821,91282CFX4,99.761719,1000000,2000000,99.769531,1000000,2000000
2022-Dec-18 00:59:44.677957,91282CFX4,99.761719,2000000,4000000,99.777344,2000000,4000000
2022-Dec-18 00:59:45.678535,91282CFX4,99.769531,1000000,2000000,99.777344,1000000,2000000
2022-Dec-18 00:59:46.680248,91282CFX4,99.769531,2000000,4000000,99.785156,2000000,4000000
2022-Dec-18 00:59:47.682370,91282CFX4,99.777344,1000000,2000000,99.785156,1000000,2000000
2022-Dec-18 00:59:48.686332,91282CFX4,99.777344,2000000,4000000,99.792969,2000000,4000000
2022-Dec-18 00:59:49.688732,91282CFX4,99.785156,1000000,2000000,99.792969,1000000,2000000
2022-Dec-18 00:59:50.691041,91282CFX4,99.785156,2000000,4000000,99.800781,2000000,4000000
2022-Dec-18 00:59:51.689753,91282CFX4,99.792969,1000000,2000000,99.800781,1000000,2000000
2022-Dec-18 00:59:52.694479,91282CFX4,99.792969,2000000,4000000,99.808594,2000000,4000000
2022-Dec-18 00:59:53.697342,91282CFX4,99.800781,1000000,2000000,99.808594,1000000,2000000
2022-Dec-18 00:59:54.701229,91282CFX4,99.800781,2000000,4000000,99.816406,2000000,4000000
2022-Dec-18 00:59:55.704496,91282CFX4,99.808594,1000000,2000000,99.816406,1000000,2000000
2022-Dec-18 00:59:56.707916,91282CFX4,99.808594,2000000,4000000,99.824219,2000000,4000000
2022-Dec-18 00:59:57.709247,91282CFX4,99.816406,1000000,2000000,99.824219,1000000,2000000
2022-Dec-18 00:59:58.710009,91282CFX4,99.816406,2000000,4000000,99.832031,2000000,4000000
2022-Dec-18 00:59:59.710643,91282CFX4,99.824219,1000000,2000000,99.832031,1000000,2000000
2022-Dec-18 01:00:00.712863,91282CFX4,99.824219,2000000,4000000,99.839844,2000000,4000000
2022-Dec-18 01:00:01.713429,91282CFX4,99.832031,1000000,2000000,99.839844,1000000,2000000
2022-Dec-18 01:00:02.717331,91282CFX4,99.832031,2000000,4000000,99.847656,2000000,4000000
2022-Dec-18 01:00:03.718066,91282CFX4,99.839844,1000000,2000000,99.847656,1000000,2000000
2022-Dec-18 01:00:04.720176,91282CFX4,99.839844,2000000,4000000,99.855469,2000000,4000000
2022-Dec-18 01:00:05.721394,91282CFX4,99.847656,1000000,2000000,99.855469,1000000,2000000
2022-Dec-18 01:00:06.721582,91282CFX4,99.847656,2000000,4000000,99.863281,2000000,4000000
2022-Dec-18 01:00:07.721871,91282CFX4,99.855469,1000000,2000000,99.863281,1000000,2000000
2022-Dec-18 01:00:08.721999,91282CFX4,99.855469,2000000,4000000,99.871094,2000000,4000000
2022-Dec-18 01:00:09.726485,91282CFX4,99.863281,1000000,2000000,99.871094,1000000,2000000
2022-Dec-18 01:00:10.727100,91282CFX4,99.863281,2000000,4000000,99.878906,2000000,4000000
2022-Dec-18 01:00:11.731417,91282CFX4,99.871094,1000000,2000000,99.878906,1000000,2000000
2022-Dec-18 01:00:12.734526,91282CFX4,99.871094,2000000,4000000,99.886719,2000000,4000000
2022-Dec-18 01:00:13.734712,91282CFX4,99.878906,1000000,2000000,99.886719,1000000,2000000
2022-Dec-18 01:00:14.735017,91282CFX4,99.878906,2000000,4000000,99.894531,2000000,4000000
2022-Dec-18 01:00:15.735728,91282CFX4,99.886719,1000000,2000000,99.894531,1000000,2000000
2022-Dec-18 01:00:16.738246,91282CFX4,99.886719,2000000,4000000,99.902344,2000000,4000000
2022-Dec-18 01:00:17.739231,91282CFX4,99.894531,1000000,2000000,99.902344,1000000,2000000
2022-Dec-18 01:00:18.740400,91282CFX4,99.894531,2000000,4000000,99.910156,2000000,4000000
2022-Dec-18 01:00:19.742280,91282CFX4,99.902344,1000000,2000000,99.910156,1000000,2000000
2022-Dec-18 01:00:20.743283,91282CFX4,99.902344,2000000,4000000,99.917969,2000000,4000000
2022-Dec-18 01:00:21.743538,91282CFX4,99.910156,1000000,2000000,99.917969,1000000,2000000
2022-Dec-18 01:00:22.743551,91282CFX4,99.910156,2000000,4000000,99.925781,2000000,4000000
2022-Dec-18 01:00:23.747637,91282CFX4,99.917969,1000000,2000000,99.925781,1000000,2000000
2022-Dec-18 01:00:24.750042,91282CFX4,99.917969,2000000,4000000,99.933594,2000000,4000000
2022-Dec-18 01:00:25.750362,91282CFX4,99.925781,1000000,2000000,99.933594,1000000,2000000
2022-Dec-18 01:00:26.750657,91282CFX4,99.925781,2000000,4000000,99.941406,2000000,4000000
2022-Dec-18 01:00:27.752463,91282CFX4,99.933594,1000000,2000000,99.941406,1000000,2000000
2022-Dec-18 01:00:28.752756,91282CFX4,99.933594,2000000,4000000,99.949219,2000000,4000000
2022-Dec-18 01:00:29.753253,91282CFX4,99.941406,1000000,2000000,99.949219,1000000,2000000
2022-Dec-18 01:00:30.758712,91282CFX4,99.941406,2000000,4000000,99.957031,2000000,4000000
2022-Dec-18 01:00:31.759754,91282CFX4,99.949219,1000000,2000000,99.957031,1000000,2000000
2022-Dec-18 01:00:32.761585,91282CFX4,99.949219,2000000,4000000,99.964844,2000000,4000000
2022-Dec-18 01:00:33.763040,91282CFX4,99.957031,1000000,2000000,99.964844,1000000,2000000
2022-Dec-18 01:00:34.766346,91282CFX4,99.957031,2000000,4000000,99.972656,2000000,4000000
2022-Dec-18 01:00:35.767349,91282CFX4,99.964844,1000000,2000000,99.972656,1000000,2000000
2022-Dec-18 01:00:36.769450,91282CFX4,99.964844,2000000,4000000,99.980469,2000000,4000000
2022-Dec-18 01:00:37.770481,91282CFX4,99.972656,1000000,2000000,99.980469,1000000,2000000
2022-Dec-18 01:00:38.775552,91282CFX4,99.972656,2000000,4000000,99.988281,2000000,4000000
2022-Dec-18 01:00:39.778258,91282CFX4,99.980469,1000000,2000000,99.988281,1000000,2000000
2022-Dec-18 01:00:40.782480,91282CFX4,99.980469,2000000,4000000,99.996094,2000000,4000000
2022-Dec-18 01:00:41.783708,91282CFX4,99.988281,1000000,2000000,99.996094,1000000,2000000
2022-Dec-18 01:00:42.788897,91282CFX4,99.988281,2000000,4000000,100.003906,2000000,4000000
2022-Dec-18 01:00:43.789004,91282CFX4,99.996094,1000000,2000000,100.003906,1000000,2000000
2022-Dec-18 01:00:44.791468,91282CFX4,99.996094,2000000,4000000,100.011719,2000000,4000000
2022-Dec-18 01:00:45.795244,91282CFX4,100.003906,1000000,2000000,100.011719,1000000,2000000
2022-Dec-18 01:00:46.795728,91282CFX4,100.003906,2000000,4000000,100.019531,2000000,4000000
2022-Dec-18 01:00:47.796334,91282CFX4,100.011719,1000000,2000000,100.019531,1000000,2000000
2022-Dec-18 01:00:48.800362,91282CFX4,100.011719,2000000,4000000,100.027344,2000000,4000000
2022-Dec-18 01:00:49.800494,91282CFX4,100.019531,1000000,2000000,100.027344,1000000,2000000
2022-Dec-18 01:00:50.801195,91282CFX4,100.019531,2000000,4000000,100.035156,2000000,4000000
2022-Dec-18 01:00:51.804509,91282CFX4,100.027344,1000000,2000000,100.035156,1000000,2000000
2022-Dec-18 01:00:52.804675,91282CFX4,100.027344,2000000,4000000,100.042969,2000000,4000000
2022-Dec-18 01:00:53.805300,91282CFX4,100.035156,1000000,2000000,100.042969,1000000,2000000
2022-Dec-18 01:00:54.806559,91282CFX4,100.035156,2000000,4000000,100.050781,2000000,4000000
2022-Dec-18 01:00:55.807181,91282CFX4,100.042969,1000000,2000000,100.050781,1000000,2000000
2022-Dec-18 01:00:56.807610,91282CFX4,100.042969,2000000,4000000,100.058594,2000000,4000000
2022-Dec-18 01:00:57.811562,91282CFX4,100.050781,1000000,2000000,100.058594,1000000,2000000
2022-Dec-18 01:00:58.812069,91282CFX4,100.050781,2000000,4000000,100.066406,2000000,4000000
2022-Dec-18 01:00:59.816542,91282CFX4,100.058594,1000000,2000000,100.066406,1000000,2000000
2022-Dec-18 01:01:00.816901,91282CFX4,100.058594,2000000,4000000,100.074219,2000000,4000000
2022-Dec-18 01:01:01.817737,91282CFX4,100.066406,1000000,2000000,100.074219,1000000,2000000
2022-Dec-18 01:01:02.822900,91282CFX4,100.066406,2000000,4000000,100.082031,2000000,4000000
2022-Dec-18 01:01:03.823901,91282CFX4,100.074219,1000000,2000000,100.082031,1000000,2000000
2022-Dec-18 01:01:04.828997,91282CFX4,100.074219,2000000,4000000,100.089844,2000000,4000000
2022-Dec-18 01:01:05.833110,91282CFX4,100.082031,1000000,2000000,100.089844,1000000,2000000
2022-Dec-18 01:01:06.838141,91282CFX4,100.082031,2000000,4000000,100.097656,2000000,4000000
2022-Dec-18 01:01:07.838875,91282CFX4,100.089844,1000000,2000000,100.097656,1000000,2000000
2022-Dec-18 01:01:08.843988,91282CFX4,100.089844,2000000,4000000,100.105469,2000000,4000000
2022-Dec-18 01:01:09.848947,91282CFX4,100.097656,1000000,2000000,100.105469,1000000,2000000
2022-Dec-18 01:01:10.849291,91282CFX4,100.097656,2000000,4000000,100.113281,2000000,4000000
2022-Dec-18 01:01:11.849702,91282CFX4,100.105469,1000000,2000000,100.113281,1000000,2000000
2022-Dec-18 01:01:12.854834,91282CFX4,100.105469,2000000,4000000,100.121094,2000000,4000000
2022-Dec-18 01:01:13.855270,91282CFX4,100.113281,1000000,2000000,100.121094,1000000,2000000
2022-Dec-18 01:01:14.859427,91282CFX4,100.113281,2000000,4000000,100.128906,2000000,4000000
2022-Dec-18 01:01:15.859875,91282CFX4,100.121094,1000000,2000000,100.128906,1000000,2000000
2022-Dec-18 01:01:16.860417,91282CFX4,100.121094,2000000,4000000,100.136719,2000000,4000000
2022-Dec-18 01:01:17.865640,91282CFX4,100.128906,1000000,2000000,100.136719,1000000,2000000
2022-Dec-18 01:01:18.866321,91282CFX4,100.128906,2000000,4000000,100.144531,2000000,4000000
2022-Dec-18 01:01:19.867075,91282CFX4,100.136719,1000000,2000000,100.144531,1000000,2000000
2022-Dec-18 01:01:20.869326,91282CFX4,100.136719,2000000,4000000,100.152344,2000000,4000000
2022-Dec-18 01:01:21.870678,91282CFX4,100.144531,1000000,2000000,100.152344,1000000,2000000
2022-Dec-18 01:01:22.870900,91282CFX4,100.144531,2000000,4000000,100.160156,2000000,4000000
2022-Dec-18 01:01:23.871275,91282CFX4,100.152344,1000000,2000000,100.160156,1000000,2000000
2022-Dec-18 01:01:24.872733,91282CFX4,100.152344,2000000,4000000,100.167969,2000000,4000000
2022-Dec-18 01:01:25.877961,91282CFX4,100.160156,1000000,2000000,100.167969,1000000,2000000
2022-Dec-18 01:01:26.882745,91282CFX4,100.160156,2000000,4000000,100.175781,2000000,4000000
2022-Dec-18 01:01:27.887954,91282CFX4,100.167969,1000000,2000000,100.175781,1000000,2000000
2022-Dec-18 01:01:28.889700,91282CFX4,100.167969,2000000,4000000,100.183594,2000000,4000000
2022-Dec-18 01:01:29.890809,91282CFX4,100.175781,1000000,2000000,100.183594,1000000,2000000
2022-Dec-18 01:01:30.895074,91282CFX4,100.175781,2000000,4000000,100.191406,2000000,4000000
2022-Dec-18 01:01:31.897793,91282CFX4,100.183594,1000000,2000000,100.191406,1000000,2000000
2022-Dec-18 01:01:32.904027,91282CFX4,100.183594,2000000,4000000,100.199219,2000000,4000000
2022-Dec-18 01:01:33.903846,91282CFX4,100.191406,1000000,2000000,100.199219,1000000,2000000
2022-Dec-18 01:01:34.909054,91282CFX4,100.191406,2000000,4000000,100.207031,2000000,4000000
2022-Dec-18 01:01:35.909228,91282CFX4,100.199219,1000000,2000000,100.207031,1000000,2000000
2022-Dec-18 01:01:36.909580,91282CFX4,100.199219,2000000,4000000,100.214844,2000000,4000000
2022-Dec-18 01:01:37.914798,91282CFX4,100.207031,1000000,2000000,100.214844,1000000,2000000
2022-Dec-18 01:01:38.915461,91282CFX4,100.207031,2000000,4000000,100.222656,2000000,4000000
2022-Dec-18 01:01:39.920556,91282CFX4,100.214844,1000000,2000000,100.222656,1000000,2000000
2022-Dec-18 01:01:40.920720,91282CFX4,100.214844,2000000,4000000,100.230469,2000000,4000000
2022-Dec-18 01:01:41.920886,91282CFX4,100.222656,1000000,2000000,100.230469,1000000,2000000
2022-Dec-18 01:01:42.921004,91282CFX4,100.222656,2000000,4000000,100.238281,2000000,4000000
2022-Dec-18 01:01:43.926088,91282CFX4,100.230469,1000000,2000000,100.238281,1000000,2000000
2022-Dec-18 01:01:44.931514,91282CFX4,100.230469,2000000,4000000,100.246094,2000000,4000000
2022-Dec-18 01:01:45.932269,91282CFX4,100.238281,1000000,2000000,100.246094,1000000,2000000
2022-Dec-18 01:01:46.932222,91282CFX4,100.238281,2000000,4000000,100.253906,2000000,4000000
2022-Dec-18 01:01:47.937617,91282CFX4,100.246094,1000000,2000000,100.253906,1000000,2000000
2022-Dec-18 01:01:48.938608,91282CFX4,100.246094,2000000,4000000,100.261719,2000000,4000000
2022-Dec-18 01:01:49.942016,91282CFX4,100.253906,1000000,2000000,100.261719,1000000,2000000
2022-Dec-18 01:01:50.942169,91282CFX4,100.253906,2000000,4000000,100.269531,2000000,4000000
2022-Dec-18 01:01:51.947624,91282CFX4,100.261719,1000000,2000000,100.269531,1000000,2000000
2022-Dec-18 01:01:52.950006,91282CFX4,100.261719,2000000,4000000,100.277344,2000000,4000000
2022-Dec-18 01:01:53.955217,91282CFX4,100.269531,1000000,2000000,100.277344,1000000,2000000
2022-Dec-18 01:01:54.960007,91282CFX4,100.269531,2000000,4000000,100.285156,2000000,4000000
2022-Dec-18 01:01:55.960725,91282CFX4,100.277344,1000000,2000000,100.285156,1000000,2000000
2022-Dec-18 01:01:56.965394,91282CFX4,100.277344,2000000,4000000,100.292969,2000000,4000000
2022-Dec-18 01:01:57.970548,91282CFX4,100.285156,1000000,2000000,100.292969,1000000,2000000
2022-Dec-18 01:01:58.970516,91282CFX4,100.285156,2000000,4000000,100.300781,2000000,4000000
2022-Dec-18 01:01:59.977286,91282CFX4,100.292969,1000000,2000000,100.300781,1000000,2000000
2022-Dec-18 01:02:00.980097,91282CFX4,100.292969,2000000,4000000,100.308594,2000000,4000000
2022-Dec-18 01:02:01.981898,91282CFX4,100.300781,1000000,2000000,100.308594,1000000,2000000
2022-Dec-18 01:02:02.987064,91282CFX4,100.300781,2000000,4000000,100.316406,2000000,4000000
2022-Dec-18 01:02:03.992257,91282CFX4,100.308594,1000000,2000000,100.316406,1000000,2000000
2022-Dec-18 01:02:04.997462,91282CFX4,100.308594,2000000,4000000,100.324219,2000000,4000000
2022-Dec-18 01:02:06.001716,91282CFX4,100.316406,1000000,2000000,100.324219,1000000,2000000
2022-Dec-18 01:02:07.002118,91282CFX4,100.316406,2000000,4000000,100.332031,2000000,4000000
2022-Dec-18 01:02:08.003244,91282CFX4,100.324219,1000000,2000000,100.332031,1000000,2000000
2022-Dec-18 01:02:09.003969,91282CFX4,100.324219,2000000,4000000,100.339844,2000000,4000000
2022-Dec-18 01:02:10.004987,91282CFX4,100.332031,1000000,2000000,100.339844,1000000,2000000
2022-Dec-18 01:02:11.006346,91282CFX4,100.332031,2000000,4000000,100.347656,2000000,4000000
2022-Dec-18 01:02:12.006647,91282CFX4,100.339844,1000000,2000000,100.347656,1000000,2000000
2022-Dec-18 01:02:13.007054,91282CFX4,100.339844,2000000,4000000,100.355469,2000000,4000000
2022-Dec-18 01:02:14.007348,91282CFX4,100.347656,1000000,2000000,100.355469,1000000,2000000
2022-Dec-18 01:02:15.007513,91282CFX4,100.347656,2000000,4000000,100.363281,2000000,4000000
2022-Dec-18 01:02:16.012510,91282CFX4,100.355469,1000000,2000000,100.363281,1000000,2000000
2022-Dec-18 01:02:17.015065,91282CFX4,100.355469,2000000,4000000,100.371094,2000000,4000000
2022-Dec-18 01:02:18.017444,91282CFX4,100.363281,1000000,2000000,100.371094,1000000,2000000
2022-Dec-18 01:02:19.017634,91282CFX4,100.363281,2000000,4000000,100.378906,2000000,4000000
2022-Dec-18 01:02:20.021891,91282CFX4,100.371094,1000000,2000000,100.378906,1000000,2000000
2022-Dec-18 01:02:21.023147,91282CFX4,100.371094,2000000,4000000,100.386719,2000000,4000000
2022-Dec-18 01:02:22.024505,91282CFX4,100.378906,1000000,2000000,100.386719,1000000,2000000
2022-Dec-18 01:02:23.025114,91282CFX4,100.378906,2000000,4000000,100.394531,2000000,4000000
2022-Dec-18 01:02:24.025451,91282CFX4,100.386719,1000000,2000000,100.394531,1000000,2000000
2022-Dec-18 01:02:25.025819,91282CFX4,100.386719,2000000,4000000,100.402344,2000000,4000000
2022-Dec-18 01:02:26.027590,91282CFX4,100.394531,1000000,2000000,100.402344,1000000,2000000
2022-Dec-18 01:02:27.031205,91282CFX4,100.394531,2000000,4000000,100.410156,2000000,4000000
2022-Dec-18 01:02:28.036397,91282CFX4,100.402344,1000000,2000000,100.410156,1000000,2000000
2022-Dec-18 01:02:29.037764,91282CFX4,100.402344,2000000,4000000,100.417969,2000000,4000000
2022-Dec-18 01:02:30.040362,91282CFX4,100.410156,1000000,2000000,100.417969,1000000,2000000
2022-Dec-18 01:02:31.040693,91282CFX4,100.410156,2000000,4000000,100.425781,2000000,4000000
2022-Dec-18 01:02:32.045960,91282CFX4,100.417969,1000000,2000000,100.425781,1000000,2000000
2022-Dec-18 01:02:33.049127,91282CFX4,100.417969,2000000,4000000,100.433594,2000000,4000000
2022-Dec-18 01:02:34.053292,91282CFX4,100.425781,1000000,2000000,100.433594,1000000,2000000
2022-Dec-18 01:02:35.054871,91282CFX4,100.425781,2000000,4000000,100.441406,2000000,4000000
2022-Dec-18 01:02:36.060085,91282CFX4,100.433594,1000000,2000000,100.441406,1000000,2000000
2022-Dec-18 01:02:37.064288,91282CFX4,100.433594,2000000,4000000,100.449219,2000000,4000000
2022-Dec-18 01:02:38.069498,91282CFX4,100.441406,1000000,2000000,100.449219,1000000,2000000
2022-Dec-18 01:02:39.074683,91282CFX4,100.441406,2000000,4000000,100.457031,2000000,4000000
2022-Dec-18 01:02:40.075984,91282CFX4,100.449219,1000000,2000000,100.457031,1000000,2000000
2022-Dec-18 01:02:41.080853,91282CFX4,100.449219,2000000,4000000,100.464844,2000000,4000000
2022-Dec-18 01:02:42.086084,91282CFX4,100.457031,1000000,2000000,100.464844,1000000,2000000
2022-Dec-18 01:02:43.091273,91282CFX4,100.457031,2000000,4000000,100.472656,2000000,4000000
2022-Dec-18 01:02:44.096497,91282CFX4,100.464844,1000000,2000000,100.472656,1000000,2000000
2022-Dec-18 01:02:45.101687,91282CFX4,100.464844,2000000,4000000,100.480469,2000000,4000000
2022-Dec-18 01:02:46.105766,91282CFX4,100.472656,1000000,2000000,100.480469,1000000,2000000
2022-Dec-18 01:02:47.110815,91282CFX4,100.472656,2000000,4000000,100.488281,2000000,4000000
2022-Dec-18 01:02:48.116046,91282CFX4,100.480469,1000000,2000000,100.488281,1000000,2000000
2022-Dec-18 01:02:49.117673,91282CFX4,100.480469,2000000,4000000,100.496094,2000000,4000000
2022-Dec-18 01:02:50.122326,91282CFX4,100.488281,1000000,2000000,100.496094,1000000,2000000
2022-Dec-18 01:02:51.126605,91282CFX4,100.488281,2000000,4000000,100.503906,2000000,4000000
2022-Dec-18 01:02:52.130653,91282CFX4,100.496094,1000000,2000000,100.503906,1000000,2000000
2022-Dec-18 01:02:53.135394,91282CFX4,100.496094,2000000,4000000,100.511719,2000000,4000000
2022-Dec-18 01:02:54.140572,91282CFX4,100.503906,1000000,2000000,100.511719,1000000,2000000
2022-Dec-18 01:02:55.140921,91282CFX4,100.503906,2000000,4000000,100.519531,2000000,4000000
2022-Dec-18 01:02:56.142304,91282CFX4,100.511719,1000000,2000000,100.519531,1000000,2000000
2022-Dec-18 01:02:57.146826,91282CFX4,100.511719,2000000,4000000,100.527344,2000000,4000000
2022-Dec-18 01:02:58.151661,91282CFX4,100.519531,1000000,2000000,100.527344,1000000,2000000
2022-Dec-18 01:02:59.154737,91282CFX4,100.519531,2000000,4000000,100.535156,2000000,4000000
2022-Dec-18 01:03:00.159943,91282CFX4,100.527344,1000000,2000000,100.535156,1000000,2000000
2022-Dec-18 01:03:01.163656,91282CFX4,100.527344,2000000,4000000,100.542969,2000000,4000000
2022-Dec-18 01:03:02.168086,91282CFX4,100.535156,1000000,2000000,100.542969,1000000,2000000
2022-Dec-18 01:03:03.173301,91282CFX4,100.535156,2000000,4000000,100.550781,2000000,4000000
2022-Dec-18 01:03:04.177545,91282CFX4,100.542969,1000000,2000000,100.550781,1000000,2000000
2022-Dec-18 01:03:05.180234,91282CFX4,100.542969,2000000,4000000,100.558594,2000000,4000000
2022-Dec-18 01:03:06.185463,91282CFX4,100.550781,1000000,2000000,100.558594,1000000,2000000
2022-Dec-18 01:03:07.185903,91282CFX4,100.550781,2000000,4000000,100.566406,2000000,4000000
2022-Dec-18 01:03:08.191102,91282CFX4,100.558594,1000000,2000000,100.566406,1000000,2000000
2022-Dec-18 01:03:09.196305,91282CFX4,100.558594,2000000,4000000,100.574219,2000000,4000000
2022-Dec-18 01:03:10.196726,91282CFX4,100.566406,1000000,2000000,100.574219,1000000,2000000
2022-Dec-18 01:03:11.201607,91282CFX4,100.566406,2000000,4000000,100.582031,2000000,4000000
2022-Dec-18 01:03:12.201822,91282CFX4,100.574219,1000000,2000000,100.582031,1000000,2000000
2022-Dec-18 01:03:13.206889,91282CFX4,100.574219,2000000,4000000,100.589844,2000000,4000000
2022-Dec-18 01:03:14.211903,91282CFX4,100.582031,1000000,2000000,100.589844,1000000,2000000
2022-Dec-18 01:03:15.214213,91282CFX4,100.582031,2000000,4000000,100.597656,2000000,4000000
2022-Dec-18 01:03:16.217239,91282CFX4,100.589844,1000000,2000000,100.597656,1000000,2000000
2022-Dec-18 01:03:17.217832,91282CFX4,100.589844,2000000,4000000,100.605469,2000000,4000000
2022-Dec-18 01:03:18.219584,91282CFX4,100.597656,1000000,2000000,100.605469,1000000,2000000
2022-Dec-18 01:03:19.224791,91282CFX4,100.597656,2000000,4000000,100.613281,2000000,4000000
2022-Dec-18 01:03:20.230018,91282CFX4,100.605469,1000000,2000000,100.613281,1000000,2000000
2022-Dec-18 01:03:21.230979,91282CFX4,100.605469,2000000,4000000,100.621094,2000000,4000000
2022-Dec-18 01:03:22.236201,91282CFX4,100.613281,1000000,2000000,100.621094,1000000,2000000
2022-Dec-18 01:03:23.238456,91282CFX4,100.613281,2000000,4000000,100.628906,2000000,4000000
2022-Dec-18 01:03:24.243639,91282CFX4,100.621094,1000000,2000000,100.628906,1000000,2000000
2022-Dec-18 01:03:25.247278,91282CFX4,100.621094,2000000,4000000,100.636719,2000000,4000000
2022-Dec-18 01:03:26.252488,91282CFX4,100.628906,1000000,2000000,100.636719,1000000,2000000
2022-Dec-18 01:03:27.256324,91282CFX4,100.628906,2000000,4000000,100.644531,2000000,4000000
2022-Dec-18 01:03:28.260819,91282CFX4,100.636719,1000000,2000000,100.644531,1000000,2000000
2022-Dec-18 01:03:29.262990,91282CFX4,100.636719,2000000,4000000,100.652344,2000000,4000000
2022-Dec-18 01:03:30.263772,91282CFX4,100.644531,1000000,2000000,100.652344,1000000,2000000
2022-Dec-18 01:03:31.268082,91282CFX4,100.644531,2000000,4000000,100.660156,2000000,4000000
2022-Dec-18 01:03:32.273297,91282CFX4,100.652344,1000000,2000000,100.660156,1000000,2000000
2022-Dec-18 01:03:33.274608,91282CFX4,100.652344,2000000,4000000,100.667969,2000000,4000000
2022-Dec-18 01:03:34.279854,91282CFX4,100.660156,1000000,2000000,100.667969,1000000,2000000
2022-Dec-18 01:03:35.285054,91282CFX4,100.660156,2000000,4000000,100.675781,2000000,4000000
2022-Dec-18 01:03:36.286401,91282CFX4,100.667969,1000000,2000000,100.675781,1000000,2000000
2022-Dec-18 01:03:37.291428,91282CFX4,100.667969,2000000,4000000,100.683594,2000000,4000000
2022-Dec-18 01:03:38.296081,91282CFX4,100.675781,1000000,2000000,100.683594,1000000,2000000
2022-Dec-18 01:03:39.301213,91282CFX4,100.675781,2000000,4000000,100.691406,2000000,4000000
2022-Dec-18 01:03:40.302093,91282CFX4,100.683594,1000000,2000000,100.691406,1000000,2000000
2022-Dec-18 01:03:41.305367,91282CFX4,100.683594,2000000,4000000,100.699219,2000000,4000000
2022-Dec-18 01:03:42.310569,91282CFX4,100.691406,1000000,2000000,100.699219,1000000,2000000
2022-Dec-18 01:03:43.315769,91282CFX4,100.691406,2000000,4000000,100.707031,2000000,4000000
2022-Dec-18 01:03:44.319051,91282CFX4,100.699219,1000000,2000000,100.707031,1000000,2000000
2022-Dec-18 01:03:45.324294,91282CFX4,100.699219,2000000,4000000,100.714844,2000000,4000000
2022-Dec-18 01:03:46.326348,91282CFX4,100.707031,1000000,2000000,100.714844,1000000,2000000
2022-Dec-18 01:03:47.329156,91282CFX4,100.707031,2000000,4000000,100.722656,2000000,4000000
2022-Dec-18 01:03:48.334359,91282CFX4,100.714844,1000000,2000000,100.722656,1000000,2000000
2022-Dec-18 01:03:49.339584,91282CFX4,100.714844,2000000,4000000,100.730469,2000000,4000000
2022-Dec-18 01:03:50.344764,91282CFX4,100.722656,1000000,2000000,100.730469,1000000,2000000
2022-Dec-18 01:03:51.350000,91282CFX4,100.722656,2000000,4000000,100.738281,2000000,4000000
2022-Dec-18 01:03:52.355228,91282CFX4,100.730469,1000000,2000000,100.738281,1000000,2000000
2022-Dec-18 01:03:53.360403,91282CFX4,100.730469,2000000,4000000,100.746094,2000000,4000000
2022-Dec-18 01:03:54.362337,91282CFX4,100.738281,1000000,2000000,100.746094,1000000,2000000
2022-Dec-18 01:03:55.367529,91282CFX4,100.738281,2000000,4000000,100.753906,2000000,4000000
2022-Dec-18 01:03:56.372753,91282CFX4,100.746094,1000000,2000000,100.753906,1000000,2000000
2022-Dec-18 01:03:57.377242,91282CFX4,100.746094,2000000,4000000,100.761719,2000000,4000000
2022-Dec-18 01:03:58.378921,91282CFX4,100.753906,1000000,2000000,100.761719,1000000,2000000
2022-Dec-18 01:03:59.384068,91282CFX4,100.753906,2000000,4000000,100.769531,2000000,4000000
2022-Dec-18 01:04:00.386740,91282CFX4,100.761719,1000000,2000000,100.769531,1000000,2000000
2022-Dec-18 01:04:01.391934,91282CFX4,100.761719,2000000,4000000,100.777344,2000000,4000000
2022-Dec-18 01:04:02.397038,91282CFX4,100.769531,1000000,2000000,100.777344,1000000,2000000
2022-Dec-18 01:04:03.402257,91282CFX4,100.769531,2000000,4000000,100.785156,2000000,4000000
2022-Dec-18 01:04:04.404751,91282CFX4,100.777344,1000000,2000000,100.785156,1000000,2000000
2022-Dec-18 01:04:05.408655,91282CFX4,100.777344,2000000,4000000,100.792969,2000000,4000000
2022-Dec-18 01:04:06.409004,91282CFX4,100.785156,1000000,2000000,100.792969,1000000,2000000
2022-Dec-18 01:04:07.411896,91282CFX4,100.785156,2000000,4000000,100.800781,2000000,4000000
2022-Dec-18 01:04:08.417093,91282CFX4,100.792969,1000000,2000000,100.800781,1000000,2000000
2022-Dec-18 01:04:09.422300,91282CFX4,100.792969,2000000,4000000,100.808594,2000000,4000000
2022-Dec-18 01:04:10.427523,91282CFX4,100.800781,1000000,2000000,100.808594,1000000,2000000
2022-Dec-18 01:04:11.430861,91282CFX4,100.800781,2000000,4000000,100.816406,2000000,4000000
2022-Dec-18 01:04:12.435576,91282CFX4,100.808594,1000000,2000000,100.816406,1000000,2000000
2022-Dec-18 01:04:13.440746,91282CFX4,100.808594,2000000,4000000,100.824219,2000000,4000000
2022-Dec-18 01:04:14.445935,91282CFX4,100.816406,1000000,2000000,100.824219,1000000,2000000
2022-Dec-18 01:04:15.451143,91282CFX4,100.816406,2000000,4000000,100.832031,2000000,4000000
2022-Dec-18 01:04:16.452995,91282CFX4,100.824219,1000000,2000000,100.832031,1000000,2000000
2022-Dec-18 01:04:17.453740,91282CFX4,100.824219,2000000,4000000,100.839844,2000000,4000000
2022-Dec-18 01:04:18.458892,91282CFX4,100.832031,1000000,2000000,100.839844,1000000,2000000
2022-Dec-18 01:04:19.462455,91282CFX4,100.832031,2000000,4000000,100.847656,2000000,4000000
2022-Dec-18 01:04:20.467686,91282CFX4,100.839844,1000000,2000000,100.847656,1000000,2000000
2022-Dec-18 01:04:21.472881,91282CFX4,100.839844,2000000,4000000,100.855469,2000000,4000000
2022-Dec-18 01:04:22.474191,91282CFX4,100.847656,1000000,2000000,100.855469,1000000,2000000
2022-Dec-18 01:04:23.479544,91282CFX4,100.847656,2000000,4000000,100.863281,2000000,4000000
2022-Dec-18 01:04:24.484770,91282CFX4,100.855469,1000000,2000000,100.863281,1000000,2000000
2022-Dec-18 01:04:25.489973,91282CFX4,100.855469,2000000,4000000,100.871094,2000000,4000000
2022-Dec-18 01:04:26.495187,91282CFX4,100.863281,1000000,2000000,100.871094,1000000,2000000
2022-Dec-18 01:04:27.500376,91282CFX4,100.863281,2000000,4000000,100.878906,2000000,4000000
2022-Dec-18 01:04:28.505584,91282CFX4,100.871094,1000000,2000000,100.878906,1000000,2000000
2022-Dec-18 01:04:29.510197,91282CFX4,100.871094,2000000,4000000,100.886719,2000000,4000000
2022-Dec-18 01:04:30.511392,91282CFX4,100.878906,1000000,2000000,100.886719,1000000,2000000
2022-Dec-18 01:04:31.513978,91282CFX4,100.878906,2000000,4000000,100.894531,2000000,4000000
2022-Dec-18 01:04:32.514116,91282CFX4,100.886719,1000000,2000000,100.894531,1000000,2000000
2022-Dec-18 01:04:33.519358,91282CFX4,100.886719,2000000,4000000,100.902344,2000000,4000000
2022-Dec-18 01:04:34.523818,91282CFX4,100.894531,1000000,2000000,100.902344,1000000,2000000
2022-Dec-18 01:04:35.527619,91282CFX4,100.894531,2000000,4000000,100.910156,2000000,4000000
2022-Dec-18 01:04:36.528037,91282CFX4,100.902344,1000000,2000000,100.910156,1000000,2000000
2022-Dec-18 01:04:37.531082,91282CFX4,100.902344,2000000,4000000,100.917969,2000000,4000000
2022-Dec-18 01:04:38.536270,91282CFX4,100.910156,1000000,2000000,100.917969,1000000,2000000
2022-Dec-18 01:04:39.541387,91282CFX4,100.910156,2000000,4000000,100.925781,2000000,4000000
2022-Dec-18 01:04:40.544620,91282CFX4,100.917969,1000000,2000000,100.925781,1000000,2000000
2022-Dec-18 01:04:41.549689,91282CFX4,100.917969,2000000,4000000,100.933594,2000000,4000000
2022-Dec-18 01:04:42.554664,91282CFX4,100.925781,1000000,2000000,100.933594,1000000,2000000
2022-Dec-18 01:04:43.555395,91282CFX4,100.925781,2000000,4000000,100.941406,2000000,4000000
2022-Dec-18 01:04:44.559644,91282CFX4,100.933594,1000000,2000000,100.941406,1000000,2000000
2022-Dec-18 01:04:45.559997,91282CFX4,100.933594,2000000,4000000,100.949219,2000000,4000000
2022-Dec-18 01:04:46.565182,91282CFX4,100.941406,1000000,2000000,100.949219,1000000,2000000
2022-Dec-18 01:04:47.570374,91282CFX4,100.941406,2000000,4000000,100.957031,2000000,4000000
2022-Dec-18 01:04:48.575575,91282CFX4,100.949219,1000000,2000000,100.957031,1000000,2000000
2022-Dec-18 01:04:49.577619,91282CFX4,100.949219,2000000,4000000,100.964844,2000000,4000000
2022-Dec-18 01:04:50.578660,91282CFX4,100.957031,1000000,2000000,100.964844,1000000,2000000
2022-Dec-18 01:04:51.583653,91282CFX4,100.957031,2000000,4000000,100.972656,2000000,4000000
2022-Dec-18 01:04:52.587215,91282CFX4,100.964844,1000000,2000000,100.972656,1000000,2000000
2022-Dec-18 01:04:53.592416,91282CFX4,100.964844,2000000,4000000,100.980469,2000000,4000000
2022-Dec-18 01:04:54.594157,91282CFX4,100.972656,1000000,2000000,100.980469,1000000,2000000
2022-Dec-18 01:04:55.599320,91282CFX4,100.972656,2000000,4000000,100.988281,2000000,4000000
2022-Dec-18 01:04:56.602114,91282CFX4,100.980469,1000000,2000000,100.988281,1000000,2000000
2022-Dec-18 01:04:57.605233,91282CFX4,100.980469,2000000,4000000,100.996094,2000000,4000000
2022-Dec-18 01:04:58.603292,91282CFX4,100.988281,1000000,2000000,100.996094,1000000,2000000
2022-Dec-18 01:04:59.606093,91282CFX4,100.988281,2000000,4000000,101.003906,2000000,4000000
2022-Dec-18 01:05:00.610620,91282CFX4,100.996094,1000000,2000000,101.003906,1000000,2000000
2022-Dec-18 01:05:01.615791,91282CFX4,100.988281,2000000,4000000,101.003906,2000000,4000000
2022-Dec-18 01:05:02.620988,91282CFX4,100.988281,1000000,2000000,100.996094,1000000,2000000
2022-Dec-18 01:05:03.626230,91282CFX4,100.980469,2000000,4000000,100.996094,2000000,4000000
2022-Dec-18 01:05:04.627372,91282CFX4,100.980469,1000000,2000000,100.988281,1000000,2000000
2022-Dec-18 01:05:05.632378,91282CFX4,100.972656,2000000,4000000,100.988281,2000000,4000000
2022-Dec-18 01:05:06.632878,91282CFX4,100.972656,1000000,2000000,100.980469,1000000,2000000
2022-Dec-18 01:05:07.633065,91282CFX4,100.964844,2000000,4000000,100.980469,2000000,4000000
2022-Dec-18 01:05:08.637796,91282CFX4,100.964844,1000000,2000000,100.972656,1000000,2000000
2022-Dec-18 01:05:09.643110,91282CFX4,100.957031,2000000,4000000,100.972656,2000000,4000000
2022-Dec-18 01:05:10.643719,91282CFX4,100.957031,1000000,2000000,100.964844,1000000,2000000
2022-Dec-18 01:05:11.648902,91282CFX4,100.949219,2000000,4000000,100.964844,2000000,4000000
2022-Dec-18 01:05:12.651608,91282CFX4,100.949219,1000000,2000000,100.957031,1000000,2000000
2022-Dec-18 01:05:13.654219,91282CFX4,100.941406,2000000,4000000,100.957031,2000000,4000000
2022-Dec-18 01:05:14.659433,91282CFX4,100.941406,1000000,2000000,100.949219,1000000,2000000
2022-Dec-18 01:05:15.659720,91282CFX4,100.933594,2000000,4000000,100.949219,2000000,4000000
2022-Dec-18 01:05:16.663674,91282CFX4,100.933594,1000000,2000000,100.941406,1000000,2000000
2022-Dec-18 01:05:17.667963,91282CFX4,100.925781,2000000,4000000,100.941406,2000000,4000000
2022-Dec-18 01:05:18.671216,91282CFX4,100.925781,1000000,2000000,100.933594,1000000,2000000
2022-Dec-18 01:05:19.675018,91282CFX4,100.917969,2000000,4000000,100.933594,2000000,4000000
2022-Dec-18 01:05:20.675015,91282CFX4,100.917969,1000000,2000000,100.925781,1000000,2000000
2022-Dec-18 01:05:21.679585,91282CFX4,100.910156,2000000,4000000,100.925781,2000000,4000000
2022-Dec-18 01:05:22.682362,91282CFX4,100.910156,1000000,2000000,100.917969,1000000,2000000
2022-Dec-18 01:05:23.682447,91282CFX4,100.902344,2000000,4000000,100.917969,2000000,4000000
2022-Dec-18 01:05:24.682607,91282CFX4,100.902344,1000000,2000000,100.910156,1000000,2000000
2022-Dec-18 01:05:25.682829,91282CFX4,100.894531,2000000,4000000,100.910156,2000000,4000000
2022-Dec-18 01:05:26.684291,91282CFX4,100.894531,1000000,2000000,100.902344,1000000,2000000
2022-Dec-18 01:05:27.685070,91282CFX4,100.886719,2000000,4000000,100.902344,2000000,4000000
2022-Dec-18 01:05:28.685835,91282CFX4,100.886719,1000000,2000000,100.894531,1000000,2000000
2022-Dec-18 01:05:29.691138,91282CFX4,100.878906,2000000,4000000,100.894531,2000000,4000000
2022-Dec-18 01:05:30.693206,91282CFX4,100.878906,1000000,2000000,100.886719,1000000,2000000
2022-Dec-18 01:05:31.693374,91282CFX4,100.871094,2000000,4000000,100.886719,2000000,4000000
2022-Dec-18 01:05:32.693920,91282CFX4,100.871094,1000000,2000000,100.878906,1000000,2000000
2022-Dec-18 01:05:33.699130,91282CFX4,100.863281,2000000,4000000,100.878906,2000000,4000000
2022-Dec-18 01:05:34.703078,91282CFX4,100.863281,1000000,2000000,100.871094,1000000,2000000
2022-Dec-18 01:05:35.704662,91282CFX4,100.855469,2000000,4000000,100.871094,2000000,4000000
2022-Dec-18 01:05:36.709711,91282CFX4,100.855469,1000000,2000000,100.863281,1000000,2000000
2022-Dec-18 01:05:37.714918,91282CFX4,100.847656,2000000,4000000,100.863281,2000000,4000000
2022-Dec-18 01:05:38.720130,91282CFX4,100.847656,1000000,2000000,100.855469,1000000,2000000
2022-Dec-18 01:05:39.725334,91282CFX4,100.839844,2000000,4000000,100.855469,2000000,4000000
2022-Dec-18 01:05:40.725752,91282CFX4,100.839844,1000000,2000000,100.847656,1000000,2000000
2022-Dec-18 01:05:41.730967,91282CFX4,100.832031,2000000,4000000,100.847656,2000000,4000000
2022-Dec-18 01:05:42.736160,91282CFX4,100.832031,1000000,2000000,100.839844,1000000,2000000
2022-Dec-18 01:05:43.738744,91282CFX4,100.824219,2000000,4000000,100.839844,2000000,4000000
2022-Dec-18 01:05:44.743959,91282CFX4,100.824219,1000000,2000000,100.832031,1000000,2000000
2022-Dec-18 01:05:45.743977,91282CFX4,100.816406,2000000,4000000,100.832031,2000000,4000000
2022-Dec-18 01:05:46.749310,91282CFX4,100.816406,1000000,2000000,100.824219,1000000,2000000
2022-Dec-18 01:05:47.754479,91282CFX4,100.808594,2000000,4000000,100.824219,2000000,4000000
2022-Dec-18 01:05:48.759421,91282CFX4,100.808594,1000000,2000000,100.816406,1000000,2000000
2022-Dec-18 01:05:49.764602,91282CFX4,100.800781,2000000,4000000,100.816406,2000000,4000000
2022-Dec-18 01:05:50.769823,91282CFX4,100.800781,1000000,2000000,100.808594,1000000,2000000
2022-Dec-18 01:05:51.775042,91282CFX4,100.792969,2000000,4000000,100.808594,2000000,4000000
2022-Dec-18 01:05:52.780239,91282CFX4,100.792969,1000000,2000000,100.800781,1000000,2000000
2022-Dec-18 01:05:53.783732,91282CFX4,100.785156,2000000,4000000,100.800781,2000000,4000000
2022-Dec-18 01:05:54.783890,91282CFX4,100.785156,1000000,2000000,100.792969,1000000,2000000
2022-Dec-18 01:05:55.785331,91282CFX4,100.777344,2000000,4000000,100.792969,2000000,4000000
2022-Dec-18 01:05:56.786422,91282CFX4,100.777344,1000000,2000000,100.785156,1000000,2000000
2022-Dec-18 01:05:57.791600,91282CFX4,100.769531,2000000,4000000,100.785156,2000000,4000000
2022-Dec-18 01:05:58.792054,91282CFX4,100.769531,1000000,2000000,100.777344,1000000,2000000
2022-Dec-18 01:05:59.795045,91282CFX4,100.761719,2000000,4000000,100.777344,2000000,4000000
2022-Dec-18 01:06:00.800253,91282CFX4,100.761719,1000000,2000000,100.769531,1000000,2000000
2022-Dec-18 01:06:01.801230,91282CFX4,100.753906,2000000,4000000,100.769531,2000000,4000000
2022-Dec-18 01:06:02.801225,91282CFX4,100.753906,1000000,2000000,100.761719,1000000,2000000
2022-Dec-18 01:06:03.802168,91282CFX4,100.746094,2000000,4000000,100.761719,2000000,4000000
2022-Dec-18 01:06:04.807366,91282CFX4,100.746094,1000000,2000000,100.753906,1000000,2000000
2022-Dec-18 01:06:05.809139,91282CFX4,100.738281,2000000,4000000,100.753906,2000000,4000000
2022-Dec-18 01:06:06.811072,91282CFX4,100.738281,1000000,2000000,100.746094,1000000,2000000
2022-Dec-18 01:06:07.812056,91282CFX4,100.730469,2000000,4000000,100.746094,2000000,4000000
2022-Dec-18 01:06:08.817255,91282CFX4,100.730469,1000000,2000000,100.738281,1000000,2000000
2022-Dec-18 01:06:09.818647,91282CFX4,100.722656,2000000,4000000,100.738281,2000000,4000000
2022-Dec-18 01:06:10.823844,91282CFX4,100.722656,1000000,2000000,100.730469,1000000,2000000
2022-Dec-18 01:06:11.825008,91282CFX4,100.714844,2000000,4000000,100.730469,2000000,4000000
2022-Dec-18 01:06:12.825478,91282CFX4,100.714844,1000000,2000000,100.722656,1000000,2000000
2022-Dec-18 01:06:13.825427,91282CFX4,100.707031,2000000,4000000,100.722656,2000000,4000000
2022-Dec-18 01:06:14.830430,91282CFX4,100.707031,1000000,2000000,100.714844,1000000,2000000
2022-Dec-18 01:06:15.834340,91282CFX4,100.699219,2000000,4000000,100.714844,2000000,4000000
2022-Dec-18 01:06:16.834828,91282CFX4,100.699219,1000000,2000000,100.707031,1000000,2000000
2022-Dec-18 01:06:17.837972,91282CFX4,100.691406,2000000,4000000,100.707031,2000000,4000000
2022-Dec-18 01:06:18.841943,91282CFX4,100.691406,1000000,2000000,100.699219,1000000,2000000
2022-Dec-18 01:06:19.847152,91282CFX4,100.683594,2000000,4000000,100.699219,2000000,4000000
2022-Dec-18 01:06:20.852320,91282CFX4,100.683594,1000000,2000000,100.691406,1000000,2000000
2022-Dec-18 01:06:21.857569,91282CFX4,100.675781,2000000,4000000,100.691406,2000000,4000000
2022-Dec-18 01:06:22.862769,91282CFX4,100.675781,1000000,2000000,100.683594,1000000,2000000
2022-Dec-18 01:06:23.867974,91282CFX4,100.667969,2000000,4000000,100.683594,2000000,4000000
2022-Dec-18 01:06:24.873170,91282CFX4,100.667969,1000000,2000000,100.675781,1000000,2000000
2022-Dec-18 01:06:25.878367,91282CFX4,100.660156,2000000,4000000,100.675781,2000000,4000000
2022-Dec-18 01:06:26.883566,91282CFX4,100.660156,1000000,2000000,100.667969,1000000,2000000
2022-Dec-18 01:06:27.887609,91282CFX4,100.652344,2000000,4000000,100.667969,2000000,4000000
2022-Dec-18 01:06:28.892796,91282CFX4,100.652344,1000000,2000000,100.660156,1000000,2000000
2022-Dec-18 01:06:29.897988,91282CFX4,100.644531,2000000,4000000,100.660156,2000000,4000000
2022-Dec-18 01:06:30.901912,91282CFX4,100.644531,1000000,2000000,100.652344,1000000,2000000
2022-Dec-18 01:06:31.905087,91282CFX4,100.636719,2000000,4000000,100.652344,2000000,4000000
2022-Dec-18 01:06:32.908294,91282CFX4,100.636719,1000000,2000000,100.644531,1000000,2000000
2022-Dec-18 01:06:33.911576,91282CFX4,100.628906,2000000,4000000,100.644531,2000000,4000000
2022-Dec-18 01:06:34.916843,91282CFX4,100.628906,1000000,2000000,100.636719,1000000,2000000
2022-Dec-18 01:06:35.922047,91282CFX4,100.621094,2000000,4000000,100.636719,2000000,4000000
2022-Dec-18 01:06:36.924905,91282CFX4,100.621094,1000000,2000000,100.628906,1000000,2000000
2022-Dec-18 01:06:37.925403,91282CFX4,100.613281,2000000,4000000,100.628906,2000000,4000000
2022-Dec-18 01:06:38.930460,91282CFX4,100.613281,1000000,2000000,100.621094,1000000,2000000
2022-Dec-18 01:06:39.935555,91282CFX4,100.605469,2000000,4000000,100.621094,2000000,4000000
2022-Dec-18 01:06:40.936703,91282CFX4,100.605469,1000000,2000000,100.613281,1000000,2000000
2022-Dec-18 01:06:41.940836,91282CFX4,100.597656,2000000,4000000,100.613281,2000000,4000000
2022-Dec-18 01:06:42.941154,91282CFX4,100.597656,1000000,2000000,100.605469,1000000,2000000
2022-Dec-18 01:06:43.943555,91282CFX4,100.589844,2000000,4000000,100.605469,2000000,4000000
2022-Dec-18 01:06:44.947204,91282CFX4,100.589844,1000000,2000000,100.597656,1000000,2000000
2022-Dec-18 01:06:45.952446,91282CFX4,100.582031,2000000,4000000,100.597656,2000000,4000000
2022-Dec-18 01:06:46.955289,91282CFX4,100.582031,1000000,2000000,100.589844,1000000,2000000
2022-Dec-18 01:06:47.960533,91282CFX4,100.574219,2000000,4000000,100.589844,2000000,4000000
2022-Dec-18 01:06:48.962949,91282CFX4,100.574219,1000000,2000000,100.582031,1000000,2000000
2022-Dec-18 01:06:49.968188,91282CFX4,100.566406,2000000,4000000,100.582031,2000000,4000000
2022-Dec-18 01:06:50.973356,91282CFX4,100.566406,1000000,2000000,100.574219,1000000,2000000
2022-Dec-18 01:06:51.978599,91282CFX4,100.558594,2000000,4000000,100.574219,2000000,4000000
2022-Dec-18 01:06:52.978757,91282CFX4,100.558594,1000000,2000000,100.566406,1000000,2000000
2022-Dec-18 01:06:53.982576,91282CFX4,100.550781,2000000,4000000,100.566406,2000000,4000000
2022-Dec-18 01:06:54.987782,91282CFX4,100.550781,1000000,2000000,100.558594,1000000,2000000
2022-Dec-18 01:06:55.993011,91282CFX4,100.542969,2000000,4000000,100.558594,2000000,4000000
2022-Dec-18 01:06:56.998241,91282CFX4,100.542969,1000000,2000000,100.550781,1000000,2000000
2022-Dec-18 01:06:58.001716,91282CFX4,100.535156,2000000,4000000,100.550781,2000000,4000000
2022-Dec-18 01:06:59.001862,91282CFX4,100.535156,1000000,2000000,100.542969,1000000,2000000
2022-Dec-18 01:07:00.006328,91282CFX4,100.527344,2000000,4000000,100.542969,2000000,4000000
2022-Dec-18 01:07:01.007236,91282CFX4,100.527344,1000000,2000000,100.535156,1000000,2000000
2022-Dec-18 01:07:02.007437,91282CFX4,100.519531,2000000,4000000,100.535156,2000000,4000000
2022-Dec-18 01:07:03.012421,91282CFX4,100.519531,1000000,2000000,100.527344,1000000,2000000
2022-Dec-18 01:07:04.015227,91282CFX4,100.511719,2000000,4000000,100.527344,2000000,4000000
2022-Dec-18 01:07:05.016818,91282CFX4,100.511719,1000000,2000000,100.519531,1000000,2000000
2022-Dec-18 01:07:06.018318,91282CFX4,100.503906,2000000,4000000,100.519531,2000000,4000000
2022-Dec-18 01:07:07.019403,91282CFX4,100.503906,1000000,2000000,100.511719,1000000,2000000
2022-Dec-18 01:07:08.023928,91282CFX4,100.496094,2000000,4000000,100.511719,2000000,4000000
2022-Dec-18 01:07:09.029257,91282CFX4,100.496094,1000000,2000000,100.503906,1000000,2000000
2022-Dec-18 01:07:10.031431,91282CFX4,100.488281,2000000,4000000,100.503906,2000000,4000000
2022-Dec-18 01:07:11.036180,91282CFX4,100.488281,1000000,2000000,100.496094,1000000,2000000
2022-Dec-18 01:07:12.039280,91282CFX4,100.480469,2000000,4000000,100.496094,2000000,4000000
2022-Dec-18 01:07:13.040607,91282CFX4,100.480469,1000000,2000000,100.488281,1000000,2000000
2022-Dec-18 01:07:14.040632,91282CFX4,100.472656,2000000,4000000,100.488281,2000000,4000000
2022-Dec-18 01:07:15.040750,91282CFX4,100.472656,1000000,2000000,100.480469,1000000,2000000
2022-Dec-18 01:07:16.046221,91282CFX4,100.464844,2000000,4000000,100.480469,2000000,4000000
2022-Dec-18 01:07:17.046507,91282CFX4,100.464844,1000000,2000000,100.472656,1000000,2000000
2022-Dec-18 01:07:18.051377,91282CFX4,100.457031,2000000,4000000,100.472656,2000000,4000000
2022-Dec-18 01:07:19.056539,91282CFX4,100.457031,1000000,2000000,100.464844,1000000,2000000
2022-Dec-18 01:07:20.061711,91282CFX4,100.449219,2000000,4000000,100.464844,2000000,4000000
2022-Dec-18 01:07:21.062045,91282CFX4,100.449219,1000000,2000000,100.457031,1000000,2000000
2022-Dec-18 01:07:22.062806,91282CFX4,100.441406,2000000,4000000,100.457031,2000000,4000000
2022-Dec-18 01:07:23.067900,91282CFX4,100.441406,1000000,2000000,100.449219,1000000,2000000
2022-Dec-18 01:07:24.071920,91282CFX4,100.433594,2000000,4000000,100.449219,2000000,4000000
2022-Dec-18 01:07:25.073640,91282CFX4,100.433594,1000000,2000000,100.441406,1000000,2000000
2022-Dec-18 01:07:26.078751,91282CFX4,100.425781,2000000,4000000,100.441406,2000000,4000000
2022-Dec-18 01:07:27.081909,91282CFX4,100.425781,1000000,2000000,100.433594,1000000,2000000
2022-Dec-18 01:07:28.082091,91282CFX4,100.417969,2000000,4000000,100.433594,2000000,4000000
2022-Dec-18 01:07:29.087232,91282CFX4,100.417969,1000000,2000000,100.425781,1000000,2000000
2022-Dec-18 01:07:30.090180,91282CFX4,100.410156,2000000,4000000,100.425781,2000000,4000000
2022-Dec-18 01:07:31.093102,91282CFX4,100.410156,1000000,2000000,100.417969,1000000,2000000
2022-Dec-18 01:07:32.096811,91282CFX4,100.402344,2000000,4000000,100.417969,2000000,4000000
2022-Dec-18 01:07:33.101976,91282CFX4,100.402344,1000000,2000000,100.410156,1000000,2000000
2022-Dec-18 01:07:34.106741,91282CFX4,100.394531,2000000,4000000,100.410156,2000000,4000000
2022-Dec-18 01:07:35.111861,91282CFX4,100.394531,1000000,2000000,100.402344,1000000,2000000
2022-Dec-18 01:07:36.112544,91282CFX4,100.386719,2000000,4000000,100.402344,2000000,4000000
2022-Dec-18 01:07:37.117655,91282CFX4,100.386719,1000000,2000000,100.394531,1000000,2000000
2022-Dec-18 01:07:38.117683,91282CFX4,100.378906,2000000,4000000,100.394531,2000000,4000000
2022-Dec-18 01:07:39.118147,91282CFX4,100.378906,1000000,2000000,100.386719,1000000,2000000
2022-Dec-18 01:07:40.123261,91282CFX4,100.371094,2000000,4000000,100.386719,2000000,4000000
2022-Dec-18 01:07:41.128366,91282CFX4,100.371094,1000000,2000000,100.378906,1000000,2000000
2022-Dec-18 01:07:42.128811,91282CFX4,100.363281,2000000,4000000,100.378906,2000000,4000000
2022-Dec-18 01:07:43.129699,91282CFX4,100.363281,1000000,2000000,100.371094,1000000,2000000
2022-Dec-18 01:07:44.130257,91282CFX4,100.355469,2000000,4000000,100.371094,2000000,4000000
2022-Dec-18 01:07:45.135213,91282CFX4,100.355469,1000000,2000000,100.363281,1000000,2000000
2022-Dec-18 01:07:46.135632,91282CFX4,100.347656,2000000,4000000,100.363281,2000000,4000000
2022-Dec-18 01:07:47.138729,91282CFX4,100.347656,1000000,2000000,100.355469,1000000,2000000
2022-Dec-18 01:07:48.140699,91282CFX4,100.339844,2000000,4000000,100.355469,2000000,4000000
2022-Dec-18 01:07:49.142391,91282CFX4,100.339844,1000000,2000000,100.347656,1000000,2000000
2022-Dec-18 01:07:50.147353,91282CFX4,100.332031,2000000,4000000,100.347656,2000000,4000000
2022-Dec-18 01:07:51.149475,91282CFX4,100.332031,1000000,2000000,100.339844,1000000,2000000
2022-Dec-18 01:07:52.149854,91282CFX4,100.324219,2000000,4000000,100.339844,2000000,4000000
2022-Dec-18 01:07:53.151284,91282CFX4,100.324219,1000000,2000000,100.332031,1000000,2000000
2022-Dec-18 01:07:54.155269,91282CFX4,100.316406,2000000,4000000,100.332031,2000000,4000000
2022-Dec-18 01:07:55.160294,91282CFX4,100.316406,1000000,2000000,100.324219,1000000,2000000
2022-Dec-18 01:07:56.160862,91282CFX4,100.308594,2000000,4000000,100.324219,2000000,4000000
2022-Dec-18 01:07:57.164160,91282CFX4,100.308594,1000000,2000000,100.316406,1000000,2000000
2022-Dec-18 01:07:58.165681,91282CFX4,100.300781,2000000,4000000,100.316406,2000000,4000000
2022-Dec-18 01:07:59.170033,91282CFX4,100.300781,1000000,2000000,100.308594,1000000,2000000
2022-Dec-18 01:08:00.173823,91282CFX4,100.292969,2000000,4000000,100.308594,2000000,4000000
2022-Dec-18 01:08:01.179019,91282CFX4,100.292969,1000000,2000000,100.300781,1000000,2000000
2022-Dec-18 01:08:02.184223,91282CFX4,100.285156,2000000,4000000,100.300781,2000000,4000000
2022-Dec-18 01:08:03.188130,91282CFX4,100.285156,1000000,2000000,100.292969,1000000,2000000
2022-Dec-18 01:08:04.188527,91282CFX4,100.277344,2000000,4000000,100.292969,2000000,4000000
2022-Dec-18 01:08:05.189628,91282CFX4,100.277344,1000000,2000000,100.285156,1000000,2000000
2022-Dec-18 01:08:06.193644,91282CFX4,100.269531,2000000,4000000,100.285156,2000000,4000000
2022-Dec-18 01:08:07.194824,91282CFX4,100.269531,1000000,2000000,100.277344,1000000,2000000
2022-Dec-18 01:08:08.199901,91282CFX4,100.261719,2000000,4000000,100.277344,2000000,4000000
2022-Dec-18 01:08:09.205006,91282CFX4,100.261719,1000000,2000000,100.269531,1000000,2000000
2022-Dec-18 01:08:10.207782,91282CFX4,100.253906,2000000,4000000,100.269531,2000000,4000000
2022-Dec-18 01:08:11.207975,91282CFX4,100.253906,1000000,2000000,100.261719,1000000,2000000
2022-Dec-18 01:08:12.213069,91282CFX4,100.246094,2000000,4000000,100.261719,2000000,4000000
2022-Dec-18 01:08:13.218236,91282CFX4,100.246094,1000000,2000000,100.253906,1000000,2000000
2022-Dec-18 01:08:14.223359,91282CFX4,100.238281,2000000,4000000,100.253906,2000000,4000000
2022-Dec-18 01:08:15.228043,91282CFX4,100.238281,1000000,2000000,100.246094,1000000,2000000
2022-Dec-18 01:08:16.228515,91282CFX4,100.230469,2000000,4000000,100.246094,2000000,4000000
2022-Dec-18 01:08:17.232020,91282CFX4,100.230469,1000000,2000000,100.238281,1000000,2000000
2022-Dec-18 01:08:18.237182,91282CFX4,100.222656,2000000,4000000,100.238281,2000000,4000000
2022-Dec-18 01:08:19.238873,91282CFX4,100.222656,1000000,2000000,100.230469,1000000,2000000
2022-Dec-18 01:08:20.244030,91282CFX4,100.214844,2000000,4000000,100.230469,2000000,4000000
2022-Dec-18 01:08:21.249036,91282CFX4,100.214844,1000000,2000000,100.222656,1000000,2000000
2022-Dec-18 01:08:22.254103,91282CFX4,100.207031,2000000,4000000,100.222656,2000000,4000000
2022-Dec-18 01:08:23.256557,91282CFX4,100.207031,1000000,2000000,100.214844,1000000,2000000
2022-Dec-18 01:08:24.260786,91282CFX4,100.199219,2000000,4000000,100.214844,2000000,4000000
2022-Dec-18 01:08:25.261034,91282CFX4,100.199219,1000000,2000000,100.207031,1000000,2000000
2022-Dec-18 01:08:26.261670,91282CFX4,100.191406,2000000,4000000,100.207031,2000000,4000000
2022-Dec-18 01:08:27.265912,91282CFX4,100.191406,1000000,2000000,100.199219,1000000,2000000
2022-Dec-18 01:08:28.270822,91282CFX4,100.183594,2000000,4000000,100.199219,2000000,4000000
2022-Dec-18 01:08:29.271969,91282CFX4,100.183594,1000000,2000000,100.191406,1000000,2000000
2022-Dec-18 01:08:30.277163,91282CFX4,100.175781,2000000,4000000,100.191406,2000000,4000000
2022-Dec-18 01:08:31.278251,91282CFX4,100.175781,1000000,2000000,100.183594,1000000,2000000
2022-Dec-18 01:08:32.278421,91282CFX4,100.167969,2000000,4000000,100.183594,2000000,4000000
2022-Dec-18 01:08:33.282169,91282CFX4,100.167969,1000000,2000000,100.175781,1000000,2000000
2022-Dec-18 01:08:34.287249,91282CFX4,100.160156,2000000,4000000,100.175781,2000000,4000000
2022-Dec-18 01:08:35.288507,91282CFX4,100.160156,1000000,2000000,100.167969,1000000,2000000
2022-Dec-18 01:08:36.293633,91282CFX4,100.152344,2000000,4000000,100.167969,2000000,4000000
2022-Dec-18 01:08:37.297192,91282CFX4,100.152344,1000000,2000000,100.160156,1000000,2000000
2022-Dec-18 01:08:38.297983,91282CFX4,100.144531,2000000,4000000,100.160156,2000000,4000000
2022-Dec-18 01:08:39.302829,91282CFX4,100.144531,1000000,2000000,100.152344,1000000,2000000
2022-Dec-18 01:08:40.305060,91282CFX4,100.136719,2000000,4000000,100.152344,2000000,4000000
2022-Dec-18 01:08:41.310187,91282CFX4,100.136719,1000000,2000000,100.144531,1000000,2000000
2022-Dec-18 01:08:42.314403,91282CFX4,100.128906,2000000,4000000,100.144531,2000000,4000000
2022-Dec-18 01:08:43.318349,91282CFX4,100.128906,1000000,2000000,100.136719,1000000,2000000
2022-Dec-18 01:08:44.323456,91282CFX4,100.121094,2000000,4000000,100.136719,2000000,4000000
2022-Dec-18 01:08:45.328633,91282CFX4,100.121094,1000000,2000000,100.128906,1000000,2000000
2022-Dec-18 01:08:46.332747,91282CFX4,100.113281,2000000,4000000,100.128906,2000000,4000000
2022-Dec-18 01:08:47.334231,91282CFX4,100.113281,1000000,2000000,100.121094,1000000,2000000
2022-Dec-18 01:08:48.334704,91282CFX4,100.105469,2000000,4000000,100.121094,2000000,4000000
2022-Dec-18 01:08:49.337135,91282CFX4,100.105469,1000000,2000000,100.113281,1000000,2000000
2022-Dec-18 01:08:50.341199,91282CFX4,100.097656,2000000,4000000,100.113281,2000000,4000000
2022-Dec-18 01:08:51.346053,91282CFX4,100.097656,1000000,2000000,100.105469,1000000,2000000
2022-Dec-18 01:08:52.346897,91282CFX4,100.089844,2000000,4000000,100.105469,2000000,4000000
2022-Dec-18 01:08:53.347865,91282CFX4,100.089844,1000000,2000000,100.097656,1000000,2000000
2022-Dec-18 01:08:54.351752,91282CFX4,100.082031,2000000,4000000,100.097656,2000000,4000000
2022-Dec-18 01:08:55.355251,91282CFX4,100.082031,1000000,2000000,100.089844,1000000,2000000
2022-Dec-18 01:08:56.356588,91282CFX4,100.074219,2000000,4000000,100.089844,2000000,4000000
2022-Dec-18 01:08:57.357264,91282CFX4,100.074219,1000000,2000000,100.082031,1000000,2000000
2022-Dec-18 01:08:58.357790,91282CFX4,100.066406,2000000,4000000,100.082031,2000000,4000000
2022-Dec-18 01:08:59.359010,91282CFX4,100.066406,1000000,2000000,100.074219,1000000,2000000
2022-Dec-18 01:09:00.360216,91282CFX4,100.058594,2000000,4000000,100.074219,2000000,4000000
2022-Dec-18 01:09:01.361424,91282CFX4,100.058594,1000000,2000000,100.066406,1000000,2000000
2022-Dec-18 01:09:02.361770,91282CFX4,100.050781,2000000,4000000,100.066406,2000000,4000000
2022-Dec-18 01:09:03.363302,91282CFX4,100.050781,1000000,2000000,100.058594,1000000,2000000
2022-Dec-18 01:09:04.365782,91282CFX4,100.042969,2000000,4000000,100.058594,2000000,4000000
2022-Dec-18 01:09:05.366480,91282CFX4,100.042969,1000000,2000000,100.050781,1000000,2000000
2022-Dec-18 01:09:06.370153,91282CFX4,100.035156,2000000,4000000,100.050781,2000000,4000000
2022-Dec-18 01:09:07.371844,91282CFX4,100.035156,1000000,2000000,100.042969,1000000,2000000
2022-Dec-18 01:09:08.386713,91282CFX4,100.027344,2000000,4000000,100.042969,2000000,4000000
2022-Dec-18 01:09:09.387363,91282CFX4,100.027344,1000000,2000000,100.035156,1000000,2000000
2022-Dec-18 01:09:10.391067,91282CFX4,100.019531,2000000,4000000,100.035156,2000000,4000000
2022-Dec-18 01:09:11.393938,91282CFX4,100.019531,1000000,2000000,100.027344,1000000,2000000
2022-Dec-18 01:09:12.397096,91282CFX4,100.011719,2000000,4000000,100.027344,2000000,4000000
2022-Dec-18 01:09:13.397470,91282CFX4,100.011719,1000000,2000000,100.019531,1000000,2000000
2022-Dec-18 01:09:14.401694,91282CFX4,100.003906,2000000,4000000,100.019531,2000000,4000000
2022-Dec-18 01:09:15.401949,91282CFX4,100.003906,1000000,2000000,100.011719,1000000,2000000
2022-Dec-18 01:09:16.404078,91282CFX4,99.996094,2000000,4000000,100.011719,2000000,4000000
2022-Dec-18 01:09:17.404508,91282CFX4,99.996094,1000000,2000000,100.003906,1000000,2000000
2022-Dec-18 01:09:18.405250,91282CFX4,99.988281,2000000,4000000,100.003906,2000000,4000000
2022-Dec-18 01:09:19.410326,91282CFX4,99.988281,1000000,2000000,99.996094,1000000,2000000
2022-Dec-18 01:09:20.414196,91282CFX4,99.980469,2000000,4000000,99.996094,2000000,4000000
2022-Dec-18 01:09:21.414576,91282CFX4,99.980469,1000000,2000000,99.988281,1000000,2000000
2022-Dec-18 01:09:22.416508,91282CFX4,99.972656,2000000,4000000,99.988281,2000000,4000000
2022-Dec-18 01:09:23.420596,91282CFX4,99.972656,1000000,2000000,99.980469,1000000,2000000
2022-Dec-18 01:09:24.425734,91282CFX4,99.964844,2000000,4000000,99.980469,2000000,4000000
2022-Dec-18 01:09:25.426474,91282CFX4,99.964844,1000000,2000000,99.972656,1000000,2000000
2022-Dec-18 01:09:26.431832,91282CFX4,99.957031,2000000,4000000,99.972656,2000000,4000000
2022-Dec-18 01:09:27.434346,91282CFX4,99.957031,1000000,2000000,99.964844,1000000,2000000
2022-Dec-18 01:09:28.437132,91282CFX4,99.949219,2000000,4000000,99.964844,2000000,4000000
2022-Dec-18 01:09:29.440313,91282CFX4,99.949219,1000000,2000000,99.957031,1000000,2000000
2022-Dec-18 01:09:30.445551,91282CFX4,99.941406,2000000,4000000,99.957031,2000000,4000000
2022-Dec-18 01:09:31.448409,91282CFX4,99.941406,1000000,2000000,99.949219,1000000,2000000
2022-Dec-18 01:09:32.448684,91282CFX4,99.933594,2000000,4000000,99.949219,2000000,4000000
2022-Dec-18 01:09:33.449240,91282CFX4,99.933594,1000000,2000000,99.941406,1000000,2000000
2022-Dec-18 01:09:34.453662,91282CFX4,99.925781,2000000,4000000,99.941406,2000000,4000000
2022-Dec-18 01:09:35.454861,91282CFX4,99.925781,1000000,2000000,99.933594,1000000,2000000
2022-Dec-18 01:09:36.459652,91282CFX4,99.917969,2000000,4000000,99.933594,2000000,4000000
2022-Dec-18 01:09:37.459843,91282CFX4,99.917969,1000000,2000000,99.925781,1000000,2000000
2022-Dec-18 01:09:38.459869,91282CFX4,99.910156,2000000,4000000,99.925781,2000000,4000000
2022-Dec-18 01:09:39.465243,91282CFX4,99.910156,1000000,2000000,99.917969,1000000,2000000
2022-Dec-18 01:09:40.469212,91282CFX4,99.902344,2000000,4000000,99.917969,2000000,4000000
2022-Dec-18 01:09:41.471061,91282CFX4,99.902344,1000000,2000000,99.910156,1000000,2000000
2022-Dec-18 01:09:42.471489,91282CFX4,99.894531,2000000,4000000,99.910156,2000000,4000000
2022-Dec-18 01:09:43.473543,91282CFX4,99.894531,1000000,2000000,99.902344,1000000,2000000
2022-Dec-18 01:09:44.474037,91282CFX4,99.886719,2000000,4000000,99.902344,2000000,4000000
2022-Dec-18 01:09:45.474615,91282CFX4,99.886719,1000000,2000000,99.894531,1000000,2000000
2022-Dec-18 01:09:46.474997,91282CFX4,99.878906,2000000,4000000,99.894531,2000000,4000000
2022-Dec-18 01:09:47.475285,91282CFX4,99.878906,1000000,2000000,99.886719,1000000,2000000
2022-Dec-18 01:09:48.479307,91282CFX4,99.871094,2000000,4000000,99.886719,2000000,4000000
2022-Dec-18 01:09:49.479662,91282CFX4,99.871094,1000000,2000000,99.878906,1000000,2000000
2022-Dec-18 01:09:50.481281,91282CFX4,99.863281,2000000,4000000,99.878906,2000000,4000000
2022-Dec-18 01:09:51.481269,91282CFX4,99.863281,1000000,2000000,99.871094,1000000,2000000
2022-Dec-18 01:09:52.482315,91282CFX4,99.855469,2000000,4000000,99.871094,2000000,4000000
2022-Dec-18 01:09:53.486367,91282CFX4,99.855469,1000000,2000000,99.863281,1000000,2000000
2022-Dec-18 01:09:54.486870,91282CFX4,99.847656,2000000,4000000,99.863281,2000000,4000000
2022-Dec-18 01:09:55.487272,91282CFX4,99.847656,1000000,2000000,99.855469,1000000,2000000
2022-Dec-18 01:09:56.488255,91282CFX4,99.839844,2000000,4000000,99.855469,2000000,4000000
2022-Dec-18 01:09:57.488247,91282CFX4,99.839844,1000000,2000000,99.847656,1000000,2000000
2022-Dec-18 01:09:58.488641,91282CFX4,99.832031,2000000,4000000,99.847656,2000000,4000000
2022-Dec-18 01:09:59.489921,91282CFX4,99.832031,1000000,2000000,99.839844,1000000,2000000
2022-Dec-18 01:10:00.493722,91282CFX4,99.824219,2000000,4000000,99.839844,2000000,4000000
2022-Dec-18 01:10:01.493634,91282CFX4,99.824219,1000000,2000000,99.832031,1000000,2000000
2022-Dec-18 01:10:02.496731,91282CFX4,99.816406,2000000,4000000,99.832031,2000000,4000000
2022-Dec-18 01:10:03.498750,91282CFX4,99.816406,1000000,2000000,99.824219,1000000,2000000
2022-Dec-18 01:10:04.502657,91282CFX4,99.808594,2000000,4000000,99.824219,2000000,4000000
2022-Dec-18 01:10:05.502532,91282CFX4,99.808594,1000000,2000000,99.816406,1000000,2000000
2022-Dec-18 01:10:06.504030,91282CFX4,99.800781,2000000,4000000,99.816406,2000000,4000000
2022-Dec-18 01:10:07.504924,91282CFX4,99.800781,1000000,2000000,99.808594,1000000,2000000
2022-Dec-18 01:10:08.505179,91282CFX4,99.792969,2000000,4000000,99.808594,2000000,4000000
2022-Dec-18 01:10:09.506466,91282CFX4,99.792969,1000000,2000000,99.800781,1000000,2000000
2022-Dec-18 01:10:10.507406,91282CFX4,99.785156,2000000,4000000,99.800781,2000000,4000000
2022-Dec-18 01:10:11.509487,91282CFX4,99.785156,1000000,2000000,99.792969,1000000,2000000
2022-Dec-18 01:10:12.514631,91282CFX4,99.777344,2000000,4000000,99.792969,2000000,4000000
2022-Dec-18 01:10:13.517894,91282CFX4,99.777344,1000000,2000000,99.785156,1000000,2000000
2022-Dec-18 01:10:14.520981,91282CFX4,99.769531,2000000,4000000,99.785156,2000000,4000000
2022-Dec-18 01:10:15.524824,91282CFX4,99.769531,1000000,2000000,99.777344,1000000,2000000
2022-Dec-18 01:10:16.527889,91282CFX4,99.761719,2000000,4000000,99.777344,2000000,4000000
2022-Dec-18 01:10:17.533121,91282CFX4,99.761719,1000000,2000000,99.769531,1000000,2000000
2022-Dec-18 01:10:18.535216,91282CFX4,99.753906,2000000,4000000,99.769531,2000000,4000000
2022-Dec-18 01:10:19.535253,91282CFX4,99.753906,1000000,2000000,99.761719,1000000,2000000
2022-Dec-18 01:10:20.537419,91282CFX4,99.746094,2000000,4000000,99.761719,2000000,4000000
2022-Dec-18 01:10:21.540457,91282CFX4,99.746094,1000000,2000000,99.753906,1000000,2000000
2022-Dec-18 01:10:22.543744,91282CFX4,99.738281,2000000,4000000,99.753906,2000000,4000000
2022-Dec-18 01:10:23.546079,91282CFX4,99.738281,1000000,2000000,99.746094,1000000,2000000
2022-Dec-18 01:10:24.551461,91282CFX4,99.730469,2000000,4000000,99.746094,2000000,4000000
2022-Dec-18 01:10:25.552889,91282CFX4,99.730469,1000000,2000000,99.738281,1000000,2000000
2022-Dec-18 01:10:26.554025,91282CFX4,99.722656,2000000,4000000,99.738281,2000000,4000000
2022-Dec-18 01:10:27.557332,91282CFX4,99.722656,1000000,2000000,99.730469,1000000,2000000
2022-Dec-18 01:10:28.559558,91282CFX4,99.714844,2000000,4000000,99.730469,2000000,4000000
2022-Dec-18 01:10:29.559784,91282CFX4,99.714844,1000000,2000000,99.722656,1000000,2000000
2022-Dec-18 01:10:30.562896,91282CFX4,99.707031,2000000,4000000,99.722656,2000000,4000000
2022-Dec-18 01:10:31.566640,91282CFX4,99.707031,1000000,2000000,99.714844,1000000,2000000
2022-Dec-18 01:10:32.567653,91282CFX4,99.699219,2000000,4000000,99.714844,2000000,4000000
2022-Dec-18 01:10:33.568921,91282CFX4,99.699219,1000000,2000000,99.707031,1000000,2000000
2022-Dec-18 01:10:34.573699,91282CFX4,99.691406,2000000,4000000,99.707031,2000000,4000000
2022-Dec-18 01:10:35.574271,91282CFX4,99.691406,1000000,2000000,99.699219,1000000,2000000
2022-Dec-18 01:10:36.576063,91282CFX4,99.683594,2000000,4000000,99.699219,2000000,4000000
2022-Dec-18 01:10:37.579821,91282CFX4,99.683594,1000000,2000000,99.691406,1000000,2000000
2022-Dec-18 01:10:38.579736,91282CFX4,99.675781,2000000,4000000,99.691406,2000000,4000000
2022-Dec-18 01:10:39.580780,91282CFX4,99.675781,1000000,2000000,99.683594,1000000,2000000
2022-Dec-18 01:10:40.585028,91282CFX4,99.667969,2000000,4000000,99.683594,2000000,4000000
2022-Dec-18 01:10:41.585348,91282CFX4,99.667969,1000000,2000000,99.675781,1000000,2000000
2022-Dec-18 01:10:42.587747,91282CFX4,99.660156,2000000,4000000,99.675781,2000000,4000000
2022-Dec-18 01:10:43.590966,91282CFX4,99.660156,1000000,2000000,99.667969,1000000,2000000
2022-Dec-18 01:10:44.592283,91282CFX4,99.652344,2000000,4000000,99.667969,2000000,4000000
2022-Dec-18 01:10:45.592692,91282CFX4,99.652344,1000000,2000000,99.660156,1000000,2000000
2022-Dec-18 01:10:46.593515,91282CFX4,99.644531,2000000,4000000,99.660156,2000000,4000000
2022-Dec-18 01:10:47.593483,91282CFX4,99.644531,1000000,2000000,99.652344,1000000,2000000
2022-Dec-18 01:10:48.594692,91282CFX4,99.636719,2000000,4000000,99.652344,2000000,4000000
2022-Dec-18 01:10:49.595109,91282CFX4,99.636719,1000000,2000000,99.644531,1000000,2000000
2022-Dec-18 01:10:50.598041,91282CFX4,99.628906,2000000,4000000,99.644531,2000000,4000000
2022-Dec-18 01:10:51.603115,91282CFX4,99.628906,1000000,2000000,99.636719,1000000,2000000
2022-Dec-18 01:10:52.608229,91282CFX4,99.621094,2000000,4000000,99.636719,2000000,4000000
2022-Dec-18 01:10:53.612866,91282CFX4,99.621094,1000000,2000000,99.628906,1000000,2000000
2022-Dec-18 01:10:54.618053,91282CFX4,99.613281,2000000,4000000,99.628906,2000000,4000000
2022-Dec-18 01:10:55.619178,91282CFX4,99.613281,1000000,2000000,99.621094,1000000,2000000
2022-Dec-18 01:10:56.623414,91282CFX4,99.605469,2000000,4000000,99.621094,2000000,4000000
2022-Dec-18 01:10:57.627259,91282CFX4,99.605469,1000000,2000000,99.613281,1000000,2000000
2022-Dec-18 01:10:58.631862,91282CFX4,99.597656,2000000,4000000,99.613281,2000000,4000000
2022-Dec-18 01:10:59.633655,91282CFX4,99.597656,1000000,2000000,99.605469,1000000,2000000
2022-Dec-18 01:11:00.634483,91282CFX4,99.589844,2000000,4000000,99.605469,2000000,4000000
2022-Dec-18 01:11:01.639581,91282CFX4,99.589844,1000000,2000000,99.597656,1000000,2000000
2022-Dec-18 01:11:02.644657,91282CFX4,99.582031,2000000,4000000,99.597656,2000000,4000000
2022-Dec-18 01:11:03.648190,91282CFX4,99.582031,1000000,2000000,99.589844,1000000,2000000
2022-Dec-18 01:11:04.651057,91282CFX4,99.574219,2000000,4000000,99.589844,2000000,4000000
2022-Dec-18 01:11:05.651932,91282CFX4,99.574219,1000000,2000000,99.582031,1000000,2000000
2022-Dec-18 01:11:06.654346,91282CFX4,99.566406,2000000,4000000,99.582031,2000000,4000000
2022-Dec-18 01:11:07.659721,91282CFX4,99.566406,1000000,2000000,99.574219,1000000,2000000
2022-Dec-18 01:11:08.660888,91282CFX4,99.558594,2000000,4000000,99.574219,2000000,4000000
2022-Dec-18 01:11:09.665358,91282CFX4,99.558594,1000000,2000000,99.566406,1000000,2000000
2022-Dec-18 01:11:10.667618,91282CFX4,99.550781,2000000,4000000,99.566406,2000000,4000000
2022-Dec-18 01:11:11.668158,91282CFX4,99.550781,1000000,2000000,99.558594,1000000,2000000
2022-Dec-18 01:11:12.673136,91282CFX4,99.542969,2000000,4000000,99.558594,2000000,4000000
2022-Dec-18 01:11:13.676673,91282CFX4,99.542969,1000000,2000000,99.550781,1000000,2000000
2022-Dec-18 01:11:14.678420,91282CFX4,99.535156,2000000,4000000,99.550781,2000000,4000000
2022-Dec-18 01:11:15.683803,91282CFX4,99.535156,1000000,2000000,99.542969,1000000,2000000
2022-Dec-18 01:11:16.688087,91282CFX4,99.527344,2000000,4000000,99.542969,2000000,4000000
2022-Dec-18 01:11:17.689036,91282CFX4,99.527344,1000000,2000000,99.535156,1000000,2000000
2022-Dec-18 01:11:18.689321,91282CFX4,99.519531,2000000,4000000,99.535156,2000000,4000000
2022-Dec-18 01:11:19.691692,91282CFX4,99.519531,1000000,2000000,99.527344,1000000,2000000
2022-Dec-18 01:11:20.696815,91282CFX4,99.511719,2000000,4000000,99.527344,2000000,4000000
2022-Dec-18 01:11:21.700438,91282CFX4,99.511719,1000000,2000000,99.519531,1000000,2000000
2022-Dec-18 01:11:22.705711,91282CFX4,99.503906,2000000,4000000,99.519531,2000000,4000000
2022-Dec-18 01:11:23.710923,91282CFX4,99.503906,1000000,2000000,99.511719,1000000,2000000
2022-Dec-18 01:11:24.715573,91282CFX4,99.496094,2000000,4000000,99.511719,2000000,4000000
2022-Dec-18 01:11:25.720628,91282CFX4,99.496094,1000000,2000000,99.503906,1000000,2000000
2022-Dec-18 01:11:26.722028,91282CFX4,99.488281,2000000,4000000,99.503906,2000000,4000000
2022-Dec-18 01:11:27.727149,91282CFX4,99.488281,1000000,2000000,99.496094,1000000,2000000
2022-Dec-18 01:11:28.731580,91282CFX4,99.480469,2000000,4000000,99.496094,2000000,4000000
2022-Dec-18 01:11:29.733964,91282CFX4,99.480469,1000000,2000000,99.488281,1000000,2000000
2022-Dec-18 01:11:30.734373,91282CFX4,99.472656,2000000,4000000,99.488281,2000000,4000000
2022-Dec-18 01:11:31.736919,91282CFX4,99.472656,1000000,2000000,99.480469,1000000,2000000
2022-Dec-18 01:11:32.737923,91282CFX4,99.464844,2000000,4000000,99.480469,2000000,4000000
2022-Dec-18 01:11:33.743065,91282CFX4,99.464844,1000000,2000000,99.472656,1000000,2000000
2022-Dec-18 01:11:34.748185,91282CFX4,99.457031,2000000,4000000,99.472656,2000000,4000000
2022-Dec-18 01:11:35.749246,91282CFX4,99.457031,1000000,2000000,99.464844,1000000,2000000
2022-Dec-18 01:11:36.753010,91282CFX4,99.449219,2000000,4000000,99.464844,2000000,4000000
2022-Dec-18 01:11:37.758403,91282CFX4,99.449219,1000000,2000000,99.457031,1000000,2000000
2022-Dec-18 01:11:38.760884,91282CFX4,99.441406,2000000,4000000,99.457031,2000000,4000000
2022-Dec-18 01:11:39.761087,91282CFX4,99.441406,1000000,2000000,99.449219,1000000,2000000
2022-Dec-18 01:11:40.761474,91282CFX4,99.433594,2000000,4000000,99.449219,2000000,4000000
2022-Dec-18 01:11:41.766333,91282CFX4,99.433594,1000000,2000000,99.441406,1000000,2000000
2022-Dec-18 01:11:42.770131,91282CFX4,99.425781,2000000,4000000,99.441406,2000000,4000000
2022-Dec-18 01:11:43.771977,91282CFX4,99.425781,1000000,2000000,99.433594,1000000,2000000
2022-Dec-18 01:11:44.771960,91282CFX4,99.417969,2000000,4000000,99.433594,2000000,4000000
2022-Dec-18 01:11:45.771255,91282CFX4,99.417969,1000000,2000000,99.425781,1000000,2000000
2022-Dec-18 01:11:46.778366,91282CFX4,99.410156,2000000,4000000,99.425781,2000000,4000000
2022-Dec-18 01:11:47.780389,91282CFX4,99.410156,1000000,2000000,99.417969,1000000,2000000
2022-Dec-18 01:11:48.783078,91282CFX4,99.402344,2000000,4000000,99.417969,2000000,4000000
2022-Dec-18 01:11:49.783592,91282CFX4,99.402344,1000000,2000000,99.410156,1000000,2000000
2022-Dec-18 01:11:50.788681,91282CFX4,99.394531,2000000,4000000,99.410156,2000000,4000000
2022-Dec-18 01:11:51.793908,91282CFX4,99.394531,1000000,2000000,99.402344,1000000,2000000
2022-Dec-18 01:11:52.795654,91282CFX4,99.386719,2000000,4000000,99.402344,2000000,4000000
2022-Dec-18 01:11:53.800173,91282CFX4,99.386719,1000000,2000000,99.394531,1000000,2000000
2022-Dec-18 01:11:54.805251,91282CFX4,99.378906,2000000,4000000,99.394531,2000000,4000000
2022-Dec-18 01:11:55.807451,91282CFX4,99.378906,1000000,2000000,99.386719,1000000,2000000
2022-Dec-18 01:11:56.810043,91282CFX4,99.371094,2000000,4000000,99.386719,2000000,4000000
2022-Dec-18 01:11:57.815259,91282CFX4,99.371094,1000000,2000000,99.378906,1000000,2000000
2022-Dec-18 01:11:58.818394,91282CFX4,99.363281,2000000,4000000,99.378906,2000000,4000000
2022-Dec-18 01:11:59.823475,91282CFX4,99.363281,1000000,2000000,99.371094,1000000,2000000
2022-Dec-18 01:12:00.828592,91282CFX4,99.355469,2000000,4000000,99.371094,2000000,4000000
2022-Dec-18 01:12:01.833263,91282CFX4,99.355469,1000000,2000000,99.363281,1000000,2000000
2022-Dec-18 01:12:02.837618,91282CFX4,99.347656,2000000,4000000,99.363281,2000000,4000000
2022-Dec-18 01:12:03.839272,91282CFX4,99.347656,1000000,2000000,99.355469,1000000,2000000
2022-Dec-18 01:12:04.843365,91282CFX4,99.339844,2000000,4000000,99.355469,2000000,4000000
2022-Dec-18 01:12:05.848358,91282CFX4,99.339844,1000000,2000000,99.347656,1000000,2000000
2022-Dec-18 01:12:06.849749,91282CFX4,99.332031,2000000,4000000,99.347656,2000000,4000000
2022-Dec-18 01:12:07.854908,91282CFX4,99.332031,1000000,2000000,99.339844,1000000,2000000
2022-Dec-18 01:12:08.856081,91282CFX4,99.324219,2000000,4000000,99.339844,2000000,4000000
2022-Dec-18 01:12:09.860435,91282CFX4,99.324219,1000000,2000000,99.332031,1000000,2000000
2022-Dec-18 01:12:10.865595,91282CFX4,99.316406,2000000,4000000,99.332031,2000000,4000000
2022-Dec-18 01:12:11.866088,91282CFX4,99.316406,1000000,2000000,99.324219,1000000,2000000
2022-Dec-18 01:12:12.870793,91282CFX4,99.308594,2000000,4000000,99.324219,2000000,4000000
2022-Dec-18 01:12:13.872791,91282CFX4,99.308594,1000000,2000000,99.316406,1000000,2000000
2022-Dec-18 01:12:14.875955,91282CFX4,99.300781,2000000,4000000,99.316406,2000000,4000000
2022-Dec-18 01:12:15.881100,91282CFX4,99.300781,1000000,2000000,99.308594,1000000,2000000
2022-Dec-18 01:12:16.886256,91282CFX4,99.292969,2000000,4000000,99.308594,2000000,4000000
2022-Dec-18 01:12:17.891371,91282CFX4,99.292969,1000000,2000000,99.300781,1000000,2000000
2022-Dec-18 01:12:18.892850,91282CFX4,99.285156,2000000,4000000,99.300781,2000000,4000000
2022-Dec-18 01:12:19.896819,91282CFX4,99.285156,1000000,2000000,99.292969,1000000,2000000
2022-Dec-18 01:12:20.898613,91282CFX4,99.277344,2000000,4000000,99.292969,2000000,4000000
2022-Dec-18 01:12:21.899442,91282CFX4,99.277344,1000000,2000000,99.285156,1000000,2000000
2022-Dec-18 01:12:22.900811,91282CFX4,99.269531,2000000,4000000,99.285156,2000000,4000000
2022-Dec-18 01:12:23.904128,91282CFX4,99.269531,1000000,2000000,99.277344,1000000,2000000
2022-Dec-18 01:12:24.909333,91282CFX4,99.261719,2000000,4000000,99.277344,2000000,4000000
2022-Dec-18 01:12:25.910638,91282CFX4,99.261719,1000000,2000000,99.269531,1000000,2000000
2022-Dec-18 01:12:26.910780,91282CFX4,99.253906,2000000,4000000,99.269531,2000000,4000000
2022-Dec-18 01:12:27.915077,91282CFX4,99.253906,1000000,2000000,99.261719,1000000,2000000
2022-Dec-18 01:12:28.915086,91282CFX4,99.246094,2000000,4000000,99.261719,2000000,4000000
2022-Dec-18 01:12:29.919953,91282CFX4,99.246094,1000000,2000000,99.253906,1000000,2000000
2022-Dec-18 01:12:30.920104,91282CFX4,99.238281,2000000,4000000,99.253906,2000000,4000000
2022-Dec-18 01:12:31.921465,91282CFX4,99.238281,1000000,2000000,99.246094,1000000,2000000
2022-Dec-18 01:12:32.922621,91282CFX4,99.230469,2000000,4000000,99.246094,2000000,4000000
2022-Dec-18 01:12:33.925620,91282CFX4,99.230469,1000000,2000000,99.238281,1000000,2000000
2022-Dec-18 01:12:34.928527,91282CFX4,99.222656,2000000,4000000,99.238281,2000000,4000000
2022-Dec-18 01:12:35.932277,91282CFX4,99.222656,1000000,2000000,99.230469,1000000,2000000
2022-Dec-18 01:12:36.936085,91282CFX4,99.214844,2000000,4000000,99.230469,2000000,4000000
2022-Dec-18 01:12:37.936877,91282CFX4,99.214844,1000000,2000000,99.222656,1000000,2000000
2022-Dec-18 01:12:38.938884,91282CFX4,99.207031,2000000,4000000,99.222656,2000000,4000000
2022-Dec-18 01:12:39.941322,91282CFX4,99.207031,1000000,2000000,99.214844,1000000,2000000
2022-Dec-18 01:12:40.941776,91282CFX4,99.199219,2000000,4000000,99.214844,2000000,4000000
2022-Dec-18 01:12:41.942106,91282CFX4,99.199219,1000000,2000000,99.207031,1000000,2000000
2022-Dec-18 01:12:42.946387,91282CFX4,99.191406,2000000,4000000,99.207031,2000000,4000000
2022-Dec-18 01:12:43.951529,91282CFX4,99.191406,1000000,2000000,99.199219,1000000,2000000
2022-Dec-18 01:12:44.952647,91282CFX4,99.183594,2000000,4000000,99.199219,2000000,4000000
2022-Dec-18 01:12:45.952798,91282CFX4,99.183594,1000000,2000000,99.191406,1000000,2000000
2022-Dec-18 01:12:46.958232,91282CFX4,99.175781,2000000,4000000,99.191406,2000000,4000000
2022-Dec-18 01:12:47.958768,91282CFX4,99.175781,1000000,2000000,99.183594,1000000,2000000
2022-Dec-18 01:12:48.962611,91282CFX4,99.167969,2000000,4000000,99.183594,2000000,4000000
2022-Dec-18 01:12:49.965585,91282CFX4,99.167969,1000000,2000000,99.175781,1000000,2000000
2022-Dec-18 01:12:50.965928,91282CFX4,99.160156,2000000,4000000,99.175781,2000000,4000000
2022-Dec-18 01:12:51.970320,91282CFX4,99.160156,1000000,2000000,99.167969,1000000,2000000
2022-Dec-18 01:12:52.974132,91282CFX4,99.152344,2000000,4000000,99.167969,2000000,4000000
2022-Dec-18 01:12:53.979309,91282CFX4,99.152344,1000000,2000000,99.160156,1000000,2000000
2022-Dec-18 01:12:54.983052,91282CFX4,99.144531,2000000,4000000,99.160156,2000000,4000000
2022-Dec-18 01:12:55.984578,91282CFX4,99.144531,1000000,2000000,99.152344,1000000,2000000
2022-Dec-18 01:12:56.987218,91282CFX4,99.136719,2000000,4000000,99.152344,2000000,4000000
2022-Dec-18 01:12:57.990667,91282CFX4,99.136719,1000000,2000000,99.144531,1000000,2000000
2022-Dec-18 01:12:58.991017,91282CFX4,99.128906,2000000,4000000,99.144531,2000000,4000000
2022-Dec-18 01:12:59.990842,91282CFX4,99.128906,1000000,2000000,99.136719,1000000,2000000
2022-Dec-18 01:13:00.990970,91282CFX4,99.121094,2000000,4000000,99.136719,2000000,4000000
2022-Dec-18 01:13:01.991226,91282CFX4,99.121094,1000000,2000000,99.128906,1000000,2000000
2022-Dec-18 01:13:02.991701,91282CFX4,99.113281,2000000,4000000,99.128906,2000000,4000000
2022-Dec-18 01:13:03.992364,91282CFX4,99.113281,1000000,2000000,99.121094,1000000,2000000
2022-Dec-18 01:13:04.997574,91282CFX4,99.105469,2000000,4000000,99.121094,2000000,4000000
2022-Dec-18 01:13:06.001021,91282CFX4,99.105469,1000000,2000000,99.113281,1000000,2000000
2022-Dec-18 01:13:07.003826,91282CFX4,99.097656,2000000,4000000,99.113281,2000000,4000000
2022-Dec-18 01:13:08.006170,91282CFX4,99.097656,1000000,2000000,99.105469,1000000,2000000
2022-Dec-18 01:13:09.006319,91282CFX4,99.089844,2000000,4000000,99.105469,2000000,4000000
2022-Dec-18 01:13:10.008019,91282CFW6,99.089844,1000000,2000000,99.097656,1000000,2000000
2022-Dec-18 01:13:11.007597,91282CFW6,99.082031,2000000,4000000,99.097656,2000000,4000000
2022-Dec-18 01:13:12.007872,91282CFW6,99.082031,1000000,2000000,99.089844,1000000,2000000
2022-Dec-18 01:13:13.008494,91282CFW6,99.074219,2000000,4000000,99.089844,2000000,4000000
2022-Dec-18 01:13:14.008279,91282CFW6,99.074219,1000000,2000000,99.082031,1000000,2000000
2022-Dec-18 01:13:15.008654,91282CFW6,99.066406,2000000,4000000,99.082031,2000000,4000000
2022-Dec-18 01:13:16.013860,91282CFW6,99.066406,1000000,2000000,99.074219,1000000,2000000
2022-Dec-18 01:13:17.015241,91282CFW6,99.058594,2000000,4000000,99.074219,2000000,4000000
2022-Dec-18 01:13:18.015757,91282CFW6,99.058594,1000000,2000000,99.066406,1000000,2000000
2022-Dec-18 01:13:19.017897,91282CFW6,99.050781,2000000,4000000,99.066406,2000000,4000000
2022-Dec-18 01:13:20.018083,91282CFW6,99.050781,1000000,2000000,99.058594,1000000,2000000
2022-Dec-18 01:13:21.018788,91282CFW6,99.042969,2000000,4000000,99.058594,2000000,4000000
2022-Dec-18 01:13:22.021648,91282CFW6,99.042969,1000000,2000000,99.050781,1000000,2000000
2022-Dec-18 01:13:23.024684,91282CFW6,99.035156,2000000,4000000,99.050781,2000000,4000000
2022-Dec-18 01:13:24.027274,91282CFW6,99.035156,1000000,2000000,99.042969,1000000,2000000
2022-Dec-18 01:13:25.031292,91282CFW6,99.027344,2000000,4000000,99.042969,2000000,4000000
2022-Dec-18 01:13:26.032778,91282CFW6,99.027344,1000000,2000000,99.035156,1000000,2000000
2022-Dec-18 01:13:27.033056,91282CFW6,99.019531,2000000,4000000,99.035156,2000000,4000000
2022-Dec-18 01:13:28.038241,91282CFW6,99.019531,1000000,2000000,99.027344,1000000,2000000
2022-Dec-18 01:13:29.044793,91282CFW6,99.011719,2000000,4000000,99.027344,2000000,4000000
2022-Dec-18 01:13:30.043050,91282CFW6,99.011719,1000000,2000000,99.019531,1000000,2000000
2022-Dec-18 01:13:31.047309,91282CFW6,99.003906,2000000,4000000,99.019531,2000000,4000000
2022-Dec-18 01:13:32.047573,91282CFW6,99.003906,1000000,2000000,99.011719,1000000,2000000
2022-Dec-18 01:13:33.052373,91282CFW6,98.996094,2000000,4000000,99.011719,2000000,4000000
2022-Dec-18 01:13:34.055644,91282CFW6,98.996094,1000000,2000000,99.003906,1000000,2000000
2022-Dec-18 01:13:35.060770,91282CFW6,98.996094,2000000,4000000,99.011719,2000000,4000000
2022-Dec-18 01:13:36.065975,91282CFW6,99.003906,1000000,2000000,99.011719,1000000,2000000
2022-Dec-18 01:13:37.066115,91282CFW6,99.003906,2000000,4000000,99.019531,2000000,4000000
2022-Dec-18 01:13:38.066635,91282CFW6,99.011719,1000000,2000000,99.019531,1000000,2000000
2022-Dec-18 01:13:39.067359,91282CFW6,99.011719,2000000,4000000,99.027344,2000000,4000000
2022-Dec-18 01:13:40.069908,91282CFW6,99.019531,1000000,2000000,99.027344,1000000,2000000
2022-Dec-18 01:13:41.070235,91282CFW6,99.019531,2000000,4000000,99.035156,2000000,4000000
2022-Dec-18 01:13:42.070580,91282CFW6,99.027344,1000000,2000000,99.035156,1000000,2000000
2022-Dec-18 01:13:43.075649,91282CFW6,99.027344,2000000,4000000,99.042969,2000000,4000000
2022-Dec-18 01:13:44.080604,91282CFW6,99.035156,1000000,2000000,99.042969,1000000,2000000
2022-Dec-18 01:13:45.085671,91282CFW6,99.035156,2000000,4000000,99.050781,2000000,4000000
2022-Dec-18 01:13:46.089020,91282CFW6,99.042969,1000000,2000000,99.050781,1000000,2000000
2022-Dec-18 01:13:47.093012,91282CFW6,99.042969,2000000,4000000,99.058594,2000000,4000000
2022-Dec-18 01:13:48.096882,91282CFW6,99.050781,1000000,2000000,99.058594,1000000,2000000
2022-Dec-18 01:13:49.099982,91282CFW6,99.050781,2000000,4000000,99.066406,2000000,4000000
2022-Dec-18 01:13:50.100326,91282CFW6,99.058594,1000000,2000000,99.066406,1000000,2000000
2022-Dec-18 01:13:51.102391,91282CFW6,99.058594,2000000,4000000,99.074219,2000000,4000000
2022-Dec-18 01:13:52.103120,91282CFW6,99.066406,1000000,2000000,99.074219,1000000,2000000
2022-Dec-18 01:13:53.105164,91282CFW6,99.066406,2000000,4000000,99.082031,2000000,4000000
2022-Dec-18 01:13:54.109135,91282CFW6,99.074219,1000000,2000000,99.082031,1000000,2000000
2022-Dec-18 01:13:55.113745,91282CFW6,99.074219,2000000,4000000,99.089844,2000000,4000000
2022-Dec-18 01:13:56.116453,91282CFW6,99.082031,1000000,2000000,99.089844,1000000,2000000
2022-Dec-18 01:13:57.121278,91282CFW6,99.082031,2000000,4000000,99.097656,2000000,4000000
2022-Dec-18 01:13:58.125776,91282CFW6,99.089844,1000000,2000000,99.097656,1000000,2000000
2022-Dec-18 01:13:59.130322,91282CFW6,99.089844,2000000,4000000,99.105469,2000000,4000000
2022-Dec-18 01:14:00.132018,91282CFW6,99.097656,1000000,2000000,99.105469,1000000,2000000
2022-Dec-18 01:14:01.132382,91282CFW6,99.097656,2000000,4000000,99.113281,2000000,4000000
2022-Dec-18 01:14:02.132474,91282CFW6,99.105469,1000000,2000000,99.113281,1000000,2000000
2022-Dec-18 01:14:03.133296,91282CFW6,99.105469,2000000,4000000,99.121094,2000000,4000000
2022-Dec-18 01:14:04.133385,91282CFW6,99.113281,1000000,2000000,99.121094,1000000,2000000
2022-Dec-18 01:14:05.135432,91282CFW6,99.113281,2000000,4000000,99.128906,2000000,4000000
2022-Dec-18 01:14:06.137036,91282CFW6,99.121094,1000000,2000000,99.128906,1000000,2000000
2022-Dec-18 01:14:07.140114,91282CFW6,99.121094,2000000,4000000,99.136719,2000000,4000000
2022-Dec-18 01:14:08.140518,91282CFW6,99.128906,1000000,2000000,99.136719,1000000,2000000
2022-Dec-18 01:14:09.144521,91282CFW6,99.128906,2000000,4000000,99.144531,2000000,4000000
2022-Dec-18 01:14:10.148412,91282CFW6,99.136719,1000000,2000000,99.144531,1000000,2000000
2022-Dec-18 01:14:11.149006,91282CFW6,99.136719,2000000,4000000,99.152344,2000000,4000000
2022-Dec-18 01:14:12.150363,91282CFW6,99.144531,1000000,2000000,99.152344,1000000,2000000
2022-Dec-18 01:14:13.150601,91282CFW6,99.144531,2000000,4000000,99.160156,2000000,4000000
2022-Dec-18 01:14:14.152875,91282CFW6,99.152344,1000000,2000000,99.160156,1000000,2000000
2022-Dec-18 01:14:15.155536,91282CFW6,99.152344,2000000,4000000,99.167969,2000000,4000000
2022-Dec-18 01:14:16.160371,91282CFW6,99.160156,1000000,2000000,99.167969,1000000,2000000
2022-Dec-18 01:14:17.162140,91282CFW6,99.160156,2000000,4000000,99.175781,2000000,4000000
2022-Dec-18 01:14:18.165132,91282CFW6,99.167969,1000000,2000000,99.175781,1000000,2000000
2022-Dec-18 01:14:19.168621,91282CFW6,99.167969,2000000,4000000,99.183594,2000000,4000000
2022-Dec-18 01:14:20.171561,91282CFW6,99.175781,1000000,2000000,99.183594,1000000,2000000
2022-Dec-18 01:14:21.173576,91282CFW6,99.175781,2000000,4000000,99.191406,2000000,4000000
2022-Dec-18 01:14:22.178759,91282CFW6,99.183594,1000000,2000000,99.191406,1000000,2000000
2022-Dec-18 01:14:23.181792,91282CFW6,99.183594,2000000,4000000,99.199219,2000000,4000000
2022-Dec-18 01:14:24.182761,91282CFW6,99.191406,1000000,2000000,99.199219,1000000,2000000
2022-Dec-18 01:14:25.187533,91282CFW6,99.191406,2000000,4000000,99.207031,2000000,4000000
2022-Dec-18 01:14:26.189976,91282CFW6,99.199219,1000000,2000000,99.207031,1000000,2000000
2022-Dec-18 01:14:27.190588,91282CFW6,99.199219,2000000,4000000,99.214844,2000000,4000000
2022-Dec-18 01:14:28.190686,91282CFW6,99.207031,1000000,2000000,99.214844,1000000,2000000
2022-Dec-18 01:14:29.195918,91282CFW6,99.207031,2000000,4000000,99.222656,2000000,4000000
2022-Dec-18 01:14:30.196147,91282CFW6,99.214844,1000000,2000000,99.222656,1000000,2000000
2022-Dec-18 01:14:31.196552,91282CFW6,99.214844,2000000,4000000,99.230469,2000000,4000000
2022-Dec-18 01:14:32.201147,91282CFW6,99.222656,1000000,2000000,99.230469,1000000,2000000
2022-Dec-18 01:14:33.202235,91282CFW6,99.222656,2000000,4000000,99.238281,2000000,4000000
2022-Dec-18 01:14:34.203677,91282CFW6,99.230469,1000000,2000000,99.238281,1000000,2000000
2022-Dec-18 01:14:35.205988,91282CFW6,99.230469,2000000,4000000,99.246094,2000000,4000000
2022-Dec-18 01:14:36.207251,91282CFW6,99.238281,1000000,2000000,99.246094,1000000,2000000
2022-Dec-18 01:14:37.211076,91282CFW6,99.238281,2000000,4000000,99.253906,2000000,4000000
2022-Dec-18 01:14:38.215459,91282CFW6,99.246094,1000000,2000000,99.253906,1000000,2000000
2022-Dec-18 01:14:39.215677,91282CFW6,99.246094,2000000,4000000,99.261719,2000000,4000000
2022-Dec-18 01:14:40.216592,91282CFW6,99.253906,1000000,2000000,99.261719,1000000,2000000
2022-Dec-18 01:14:41.221808,91282CFW6,99.253906,2000000,4000000,99.269531,2000000,4000000
2022-Dec-18 01:14:42.226037,91282CFW6,99.261719,1000000,2000000,99.269531,1000000,2000000
2022-Dec-18 01:14:43.228284,91282CFW6,99.261719,2000000,4000000,99.277344,2000000,4000000
2022-Dec-18 01:14:44.231937,91282CFW6,99.269531,1000000,2000000,99.277344,1000000,2000000
2022-Dec-18 01:14:45.232183,91282CFW6,99.269531,2000000,4000000,99.285156,2000000,4000000
2022-Dec-18 01:14:46.232402,91282CFW6,99.277344,1000000,2000000,99.285156,1000000,2000000
2022-Dec-18 01:14:47.237235,91282CFW6,99.277344,2000000,4000000,99.292969,2000000,4000000
