time,product_id,bid_price,bid_visible_quantity,bid_hidden_quantity,offer_price,offer_visible_quantity,offer_hidden_quantity
2022-Dec-18 08:23:51.078,91282CFX4,98.996094,1000000,2000000,99.003906,1000000,2000000
2022-Dec-18 08:23:51.130,91282CFX4,98.996094,2000000,4000000,99.011719,2000000,4000000
2022-Dec-18 08:23:51.184,91282CFX4,99.003906,1000000,2000000,99.011719,1000000,2000000
2022-Dec-18 08:23:51.235,91282CFX4,99.003906,2000000,4000000,99.019531,2000000,4000000
2022-Dec-18 08:23:51.285,91282CFX4,99.011719,1000000,2000000,99.019531,1000000,2000000
2022-Dec-18 08:23:51.339,91282CFX4,99.011719,2000000,4000000,99.027344,2000000,4000000
2022-Dec-18 08:23:51.390,91282CFX4,99.019531,1000000,2000000,99.027344,1000000,2000000
2022-Dec-18 08:23:51.442,91282CFX4,99.019531,2000000,4000000,99.035156,2000000,4000000
2022-Dec-18 08:23:51.494,91282CFX4,99.027344,1000000,2000000,99.035156,1000000,2000000
2022-Dec-18 08:23:51.548,91282CFX4,99.027344,2000000,4000000,99.042969,2000000,4000000
2022-Dec-18 08:23:51.601,91282CFX4,99.035156,1000000,2000000,99.042969,1000000,2000000
2022-Dec-18 08:23:51.656,91282CFX4,99.035156,2000000,4000000,99.050781,2000000,4000000
2022-Dec-18 08:23:51.711,91282CFX4,99.042969,1000000,2000000,99.050781,1000000,2000000
2022-Dec-18 08:23:51.766,91282CFX4,99.042969,2000000,4000000,99.058594,2000000,4000000
2022-Dec-18 08:23:51.821,91282CFX4,99.050781,1000000,2000000,99.058594,1000000,2000000
2022-Dec-18 08:23:51.873,91282CFX4,99.050781,2000000,4000000,99.066406,2000000,4000000
2022-Dec-18 08:23:51.923,91282CFX4,99.058594,1000000,2000000,99.066406,1000000,2000000
2022-Dec-18 08:23:51.991,91282CFX4,99.058594,2000000,4000000,99.074219,2000000,4000000
2022-Dec-18 08:23:52.031,91282CFX4,99.066406,1000000,2000000,99.074219,1000000,2000000
2022-Dec-18 08:23:52.085,91282CFX4,99.066406,2000000,4000000,99.082031,2000000,4000000
2022-Dec-18 08:23:52.135,91282CFX4,99.074219,1000000,2000000,99.082031,1000000,2000000
2022-Dec-18 08:23:52.186,91282CFX4,99.074219,2000000,4000000,99.089844,2000000,4000000
2022-Dec-18 08:23:52.239,91282CFX4,99.082031,1000000,2000000,99.089844,1000000,2000000
2022-Dec-18 08:23:52.289,91282CFX4,99.082031,2000000,4000000,99.097656,2000000,4000000
2022-Dec-18 08:23:52.343,91282CFX4,99.089844,1000000,2000000,99.097656,1000000,2000000
2022-Dec-18 08:23:52.398,91282CFX4,99.089844,2000000,4000000,99.105469,2000000,4000000
2022-Dec-18 08:23:52.448,91282CFX4,99.097656,1000000,2000000,99.105469,1000000,2000000
2022-Dec-18 08:23:52.501,91282CFX4,99.097656,2000000,4000000,99.113281,2000000,4000000
2022-Dec-18 08:23:52.554,91282CFX4,99.105469,1000000,2000000,99.113281,1000000,2000000
2022-Dec-18 08:23:52.605,91282CFX4,99.105469,2000000,4000000,99.121094,2000000,4000000
2022-Dec-18 08:23:52.656,91282CFX4,99.113281,1000000,2000000,99.121094,1000000,2000000
2022-Dec-18 08:23:52.708,91282CFX4,99.113281,2000000,4000000,99.128906,2000000,4000000
2022-Dec-18 08:23:52.760,91282CFX4,99.121094,1000000,2000000,99.128906,1000000,2000000
2022-Dec-18 08:23:52.815,91282CFX4,99.121094,2000000,4000000,99.136719,2000000,4000000
2022-Dec-18 08:23:52.868,91282CFX4,99.128906,1000000,2000000,99.136719,1000000,2000000
2022-Dec-18 08:23:52.921,91282CFX4,99.128906,2000000,4000000,99.144531,2000000,4000000
2022-Dec-18 08:23:52.971,91282CFX4,99.136719,1000000,2000000,99.144531,1000000,2000000
2022-Dec-18 08:23:53.026,91282CFX4,99.136719,2000000,4000000,99.152344,2000000,4000000
2022-Dec-18 08:23:53.081,91282CFX4,99.144531,1000000,2000000,99.152344,1000000,2000000
2022-Dec-18 08:23:53.134,91282CFX4,99.144531,2000000,4000000,99.160156,2000000,4000000
2022-Dec-18 08:23:53.188,91282CFX4,99.152344,1000000,2000000,99.160156,1000000,2000000
2022-Dec-18 08:23:53.239,91282CFX4,99.152344,2000000,4000000,99.167969,2000000,4000000
2022-Dec-18 08:23:53.291,91282CFX4,99.160156,1000000,2000000,99.167969,1000000,2000000
2022-Dec-18 08:23:53.341,91282CFX4,99.160156,2000000,4000000,99.175781,2000000,4000000
2022-Dec-18 08:23:53.392,91282CFX4,99.167969,1000000,2000000,99.175781,1000000,2000000
2022-Dec-18 08:23:53.447,91282CFX4,99.167969,2000000,4000000,99.183594,2000000,4000000
2022-Dec-18 08:23:53.501,91282CFX4,99.175781,1000000,2000000,99.183594,1000000,2000000
2022-Dec-18 08:23:53.551,91282CFX4,99.175781,2000000,4000000,99.191406,2000000,4000000
2022-Dec-18 08:23:53.604,91282CFX4,99.183594,1000000,2000000,99.191406,1000000,2000000
2022-Dec-18 08:23:53.655,91282CFX4,99.183594,2000000,4000000,99.199219,2000000,4000000
2022-Dec-18 08:23:53.706,91282CFX4,99.191406,1000000,2000000,99.199219,1000000,2000000
2022-Dec-18 08:23:53.759,91282CFX4,99.191406,2000000,4000000,99.207031,2000000,4000000
2022-Dec-18 08:23:53.814,91282CFX4,99.199219,1000000,2000000,99.207031,1000000,2000000
2022-Dec-18 08:23:53.868,91282CFX4,99.199219,2000000,4000000,99.214844,2000000,4000000
2022-Dec-18 08:23:53.922,91282CFX4,99.207031,1000000,2000000,99.214844,1000000,2000000
2022-Dec-18 08:23:53.973,91282CFX4,99.207031,2000000,4000000,99.222656,2000000,4000000
2022-Dec-18 08:23:54.024,91282CFX4,99.214844,1000000,2000000,99.222656,1000000,2000000
2022-Dec-18 08:23:54.074,91282CFX4,99.214844,2000000,4000000,99.230469,2000000,4000000
2022-Dec-18 08:23:54.130,91282CFX4,99.222656,1000000,2000000,99.230469,1000000,2000000
2022-Dec-18 08:23:54.184,91282CFX4,99.222656,2000000,4000000,99.238281,2000000,4000000
2022-Dec-18 08:23:54.238,91282CFX4,99.230469,1000000,2000000,99.238281,1000000,2000000
2022-Dec-18 08:23:54.289,91282CFX4,99.230469,2000000,4000000,99.246094,2000000,4000000
2022-Dec-18 08:23:54.341,91282CFX4,99.238281,1000000,2000000,99.246094,1000000,2000000
2022-Dec-18 08:23:54.392,91282CFX4,99.238281,2000000,4000000,99.253906,2000000,4000000
2022-Dec-18 08:23:54.446,91282CFX4,99.246094,1000000,2000000,99.253906,1000000,2000000
2022-Dec-18 08:23:54.501,91282CFX4,99.246094,2000000,4000000,99.261719,2000000,4000000
2022-Dec-18 08:23:54.554,91282CFX4,99.253906,1000000,2000000,99.261719,1000000,2000000
2022-Dec-18 08:23:54.606,91282CFX4,99.253906,2000000,4000000,99.269531,2000000,4000000
2022-Dec-18 08:23:54.658,91282CFX4,99.261719,1000000,2000000,99.269531,1000000,2000000
2022-Dec-18 08:23:54.710,91282CFX4,99.261719,2000000,4000000,99.277344,2000000,4000000
2022-Dec-18 08:23:54.764,91282CFX4,99.269531,1000000,2000000,99.277344,1000000,2000000
2022-Dec-18 08:23:54.816,91282CFX4,99.269531,2000000,4000000,99.285156,2000000,4000000
2022-Dec-18 08:23:54.871,91282CFX4,99.277344,1000000,2000000,99.285156,1000000,2000000
2022-Dec-18 08:23:54.922,91282CFX4,99.277344,2000000,4000000,99.292969,2000000,4000000
2022-Dec-18 08:23:54.973,91282CFX4,99.285156,1000000,2000000,99.292969,1000000,2000000
2022-Dec-18 08:23:55.026,91282CFX4,99.285156,2000000,4000000,99.300781,2000000,4000000
2022-Dec-18 08:23:55.081,91282CFX4,99.292969,1000000,2000000,99.300781,1000000,2000000
2022-Dec-18 08:23:55.133,91282CFX4,99.292969,2000000,4000000,99.308594,2000000,4000000
2022-Dec-18 08:23:55.188,91282CFX4,99.300781,1000000,2000000,99.308594,1000000,2000000
2022-Dec-18 08:23:55.238,91282CFX4,99.300781,2000000,4000000,99.316406,2000000,4000000
2022-Dec-18 08:23:55.289,91282CFX4,99.308594,1000000,2000000,99.316406,1000000,2000000
2022-Dec-18 08:23:55.341,91282CFX4,99.308594,2000000,4000000,99.324219,2000000,4000000
2022-Dec-18 08:23:55.395,91282CFX4,99.316406,1000000,2000000,99.324219,1000000,2000000
2022-Dec-18 08:23:55.448,91282CFX4,99.316406,2000000,4000000,99.332031,2000000,4000000
2022-Dec-18 08:23:55.500,91282CFX4,99.324219,1000000,2000000,99.332031,1000000,2000000
2022-Dec-18 08:23:55.554,91282CFX4,99.324219,2000000,4000000,99.339844,2000000,4000000
2022-Dec-18 08:23:55.606,91282CFX4,99.332031,1000000,2000000,99.339844,1000000,2000000
2022-Dec-18 08:23:55.657,91282CFX4,99.332031,2000000,4000000,99.347656,2000000,4000000
2022-Dec-18 08:23:55.712,91282CFX4,99.339844,1000000,2000000,99.347656,1000000,2000000
2022-Dec-18 08:23:55.767,91282CFX4,99.339844,2000000,4000000,99.355469,2000000,4000000
2022-Dec-18 08:23:55.817,91282CFX4,99.347656,1000000,2000000,99.355469,1000000,2000000
2022-Dec-18 08:23:55.868,91282CFX4,99.347656,2000000,4000000,99.363281,2000000,4000000
2022-Dec-18 08:23:55.921,91282CFX4,99.355469,1000000,2000000,99.363281,1000000,2000000
2022-Dec-18 08:23:55.973,91282CFX4,99.355469,2000000,4000000,99.371094,2000000,4000000
2022-Dec-18 08:23:56.026,91282CFX4,99.363281,1000000,2000000,99.371094,1000000,2000000
2022-Dec-18 08:23:56.080,91282CFX4,99.363281,2000000,4000000,99.378906,2000000,4000000
2022-Dec-18 08:23:56.134,91282CFX4,99.371094,1000000,2000000,99.378906,1000000,2000000
2022-Dec-18 08:23:56.188,91282CFX4,99.371094,2000000,4000000,99.386719,2000000,4000000
2022-Dec-18 08:23:56.238,91282CFX4,99.378906,1000000,2000000,99.386719,1000000,2000000
2022-Dec-18 08:23:56.290,91282CFX4,99.378906,2000000,4000000,99.394531,2000000,4000000
2022-Dec-18 08:23:56.341,91282CFX4,99.386719,1000000,2000000,99.394531,1000000,2000000
2022-Dec-18 08:23:56.395,91282CFX4,99.386719,2000000,4000000,99.402344,2000000,4000000
2022-Dec-18 08:23:56.447,91282CFX4,99.394531,1000000,2000000,99.402344,1000000,2000000
2022-Dec-18 08:23:56.497,91282CFX4,99.394531,2000000,4000000,99.410156,2000000,4000000
2022-Dec-18 08:23:56.552,91282CFX4,99.402344,1000000,2000000,99.410156,1000000,2000000
2022-Dec-18 08:23:56.606,91282CFX4,99.402344,2000000,4000000,99.417969,2000000,4000000
2022-Dec-18 08:23:56.657,91282CFX4,99.410156,1000000,2000000,99.417969,1000000,2000000
2022-Dec-18 08:23:56.711,91282CFX4,99.410156,2000000,4000000,99.425781,2000000,4000000
2022-Dec-18 08:23:56.764,91282CFX4,99.417969,1000000,2000000,99.425781,1000000,2000000
2022-Dec-18 08:23:56.818,91282CFX4,99.417969,2000000,4000000,99.433594,2000000,4000000
2022-Dec-18 08:23:56.873,91282CFX4,99.425781,1000000,2000000,99.433594,1000000,2000000
2022-Dec-18 08:23:56.924,91282CFX4,99.425781,2000000,4000000,99.441406,2000000,4000000
2022-Dec-18 08:23:56.979,91282CFX4,99.433594,1000000,2000000,99.441406,1000000,2000000
2022-Dec-18 08:23:57.034,91282CFX4,99.433594,2000000,4000000,99.449219,2000000,4000000
2022-Dec-18 08:23:57.088,91282CFX4,99.441406,1000000,2000000,99.449219,1000000,2000000
2022-Dec-18 08:23:57.139,91282CFX4,99.441406,2000000,4000000,99.457031,2000000,4000000
2022-Dec-18 08:23:57.191,91282CFX4,99.449219,1000000,2000000,99.457031,1000000,2000000
2022-Dec-18 08:23:57.246,91282CFX4,99.449219,2000000,4000000,99.464844,2000000,4000000
2022-Dec-18 08:23:57.300,91282CFX4,99.457031,1000000,2000000,99.464844,1000000,2000000
2022-Dec-18 08:23:57.350,91282CFX4,99.457031,2000000,4000000,99.472656,2000000,4000000
2022-Dec-18 08:23:57.405,91282CFX4,99.464844,1000000,2000000,99.472656,1000000,2000000
2022-Dec-18 08:23:57.457,91282CFX4,99.464844,2000000,4000000,99.480469,2000000,4000000
2022-Dec-18 08:23:57.507,91282CFX4,99.472656,1000000,2000000,99.480469,1000000,2000000
2022-Dec-18 08:23:57.558,91282CFX4,99.472656,2000000,4000000,99.488281,2000000,4000000
2022-Dec-18 08:23:57.608,91282CFX4,99.480469,1000000,2000000,99.488281,1000000,2000000
2022-Dec-18 08:23:57.660,91282CFX4,99.480469,2000000,4000000,99.496094,2000000,4000000
2022-Dec-18 08:23:57.715,91282CFX4,99.488281,1000000,2000000,99.496094,1000000,2000000
2022-Dec-18 08:23:57.767,91282CFX4,99.488281,2000000,4000000,99.503906,2000000,4000000
2022-Dec-18 08:23:57.817,91282CFX4,99.496094,1000000,2000000,99.503906,1000000,2000000
2022-Dec-18 08:23:57.869,91282CFX4,99.496094,2000000,4000000,99.511719,2000000,4000000
2022-Dec-18 08:23:57.924,91282CFX4,99.503906,1000000,2000000,99.511719,1000000,2000000
2022-Dec-18 08:23:57.974,91282CFX4,99.503906,2000000,4000000,99.519531,2000000,4000000
2022-Dec-18 08:23:58.026,91282CFX4,99.511719,1000000,2000000,99.519531,1000000,2000000
2022-Dec-18 08:23:58.081,91282CFX4,99.511719,2000000,4000000,99.527344,2000000,4000000
2022-Dec-18 08:23:58.133,91282CFX4,99.519531,1000000,2000000,99.527344,1000000,2000000
2022-Dec-18 08:23:58.187,91282CFX4,99.519531,2000000,4000000,99.535156,2000000,4000000
2022-Dec-18 08:23:58.239,91282CFX4,99.527344,1000000,2000000,99.535156,1000000,2000000
2022-Dec-18 08:23:58.290,91282CFX4,99.527344,2000000,4000000,99.542969,2000000,4000000
2022-Dec-18 08:23:58.340,91282CFX4,99.535156,1000000,2000000,99.542969,1000000,2000000
2022-Dec-18 08:23:58.392,91282CFX4,99.535156,2000000,4000000,99.550781,2000000,4000000
2022-Dec-18 08:23:58.447,91282CFX4,99.542969,1000000,2000000,99.550781,1000000,2000000
2022-Dec-18 08:23:58.498,91282CFX4,99.542969,2000000,4000000,99.558594,2000000,4000000
2022-Dec-18 08:23:58.551,91282CFX4,99.550781,1000000,2000000,99.558594,1000000,2000000
2022-Dec-18 08:23:58.605,91282CFX4,99.550781,2000000,4000000,99.566406,2000000,4000000
2022-Dec-18 08:23:58.655,91282CFX4,99.558594,1000000,2000000,99.566406,1000000,2000000
2022-Dec-18 08:23:58.706,91282CFX4,99.558594,2000000,4000000,99.574219,2000000,4000000
2022-Dec-18 08:23:58.760,91282CFX4,99.566406,1000000,2000000,99.574219,1000000,2000000
2022-Dec-18 08:23:58.815,91282CFX4,99.566406,2000000,4000000,99.582031,2000000,4000000
2022-Dec-18 08:23:58.866,91282CFX4,99.574219,1000000,2000000,99.582031,1000000,2000000
2022-Dec-18 08:23:58.917,91282CFX4,99.574219,2000000,4000000,99.589844,2000000,4000000
2022-Dec-18 08:23:58.967,91282CFX4,99.582031,1000000,2000000,99.589844,1000000,2000000
2022-Dec-18 08:23:59.017,91282CFX4,99.582031,2000000,4000000,99.597656,2000000,4000000
2022-Dec-18 08:23:59.070,91282CFX4,99.589844,1000000,2000000,99.597656,1000000,2000000
2022-Dec-18 08:23:59.122,91282CFX4,99.589844,2000000,4000000,99.605469,2000000,4000000
2022-Dec-18 08:23:59.173,91282CFX4,99.597656,1000000,2000000,99.605469,1000000,2000000
2022-Dec-18 08:23:59.224,91282CFX4,99.597656,2000000,4000000,99.613281,2000000,4000000
2022-Dec-18 08:23:59.274,91282CFX4,99.605469,1000000,2000000,99.613281,1000000,2000000
2022-Dec-18 08:23:59.325,91282CFX4,99.605469,2000000,4000000,99.621094,2000000,4000000
2022-Dec-18 08:23:59.376,91282CFX4,99.613281,1000000,2000000,99.621094,1000000,2000000
2022-Dec-18 08:23:59.430,91282CFX4,99.613281,2000000,4000000,99.628906,2000000,4000000
2022-Dec-18 08:23:59.481,91282CFX4,99.621094,1000000,2000000,99.628906,1000000,2000000
2022-Dec-18 08:23:59.531,91282CFX4,99.621094,2000000,4000000,99.636719,2000000,4000000
2022-Dec-18 08:23:59.584,91282CFX4,99.628906,1000000,2000000,99.636719,1000000,2000000
2022-Dec-18 08:23:59.638,91282CFX4,99.628906,2000000,4000000,99.644531,2000000,4000000
2022-Dec-18 08:23:59.689,91282CFX4,99.636719,1000000,2000000,99.644531,1000000,2000000
2022-Dec-18 08:23:59.741,91282CFX4,99.636719,2000000,4000000,99.652344,2000000,4000000
2022-Dec-18 08:23:59.791,91282CFX4,99.644531,1000000,2000000,99.652344,1000000,2000000
2022-Dec-18 08:23:59.846,91282CFX4,99.644531,2000000,4000000,99.660156,2000000,4000000
2022-Dec-18 08:23:59.899,91282CFX4,99.652344,1000000,2000000,99.660156,1000000,2000000
2022-Dec-18 08:23:59.950,91282CFX4,99.652344,2000000,4000000,99.667969,2000000,4000000
2022-Dec-18 08:24:00.001,91282CFX4,99.660156,1000000,2000000,99.667969,1000000,2000000
2022-Dec-18 08:24:00.055,91282CFX4,99.660156,2000000,4000000,99.675781,2000000,4000000
2022-Dec-18 08:24:00.107,91282CFX4,99.667969,1000000,2000000,99.675781,1000000,2000000
2022-Dec-18 08:24:00.159,91282CFX4,99.667969,2000000,4000000,99.683594,2000000,4000000
2022-Dec-18 08:24:00.214,91282CFX4,99.675781,1000000,2000000,99.683594,1000000,2000000
2022-Dec-18 08:24:00.265,91282CFX4,99.675781,2000000,4000000,99.691406,2000000,4000000
2022-Dec-18 08:24:00.317,91282CFX4,99.683594,1000000,2000000,99.691406,1000000,2000000
2022-Dec-18 08:24:00.367,91282CFX4,99.683594,2000000,4000000,99.699219,2000000,4000000
2022-Dec-18 08:24:00.421,91282CFX4,99.691406,1000000,2000000,99.699219,1000000,2000000
2022-Dec-18 08:24:00.475,91282CFX4,99.691406,2000000,4000000,99.707031,2000000,4000000
2022-Dec-18 08:24:00.527,91282CFX4,99.699219,1000000,2000000,99.707031,1000000,2000000
2022-Dec-18 08:24:00.582,91282CFX4,99.699219,2000000,4000000,99.714844,2000000,4000000
2022-Dec-18 08:24:00.633,91282CFX4,99.707031,1000000,2000000,99.714844,1000000,2000000
2022-Dec-18 08:24:00.683,91282CFX4,99.707031,2000000,4000000,99.722656,2000000,4000000
2022-Dec-18 08:24:00.735,91282CFX4,99.714844,1000000,2000000,99.722656,1000000,2000000
2022-Dec-18 08:24:00.790,91282CFX4,99.714844,2000000,4000000,99.730469,2000000,4000000
2022-Dec-18 08:24:00.840,91282CFX4,99.722656,1000000,2000000,99.730469,1000000,2000000
2022-Dec-18 08:24:00.891,91282CFX4,99.722656,2000000,4000000,99.738281,2000000,4000000
2022-Dec-18 08:24:00.944,91282CFX4,99.730469,1000000,2000000,99.738281,1000000,2000000
2022-Dec-18 08:24:00.998,91282CFX4,99.730469,2000000,4000000,99.746094,2000000,4000000
2022-Dec-18 08:24:01.050,91282CFX4,99.738281,1000000,2000000,99.746094,1000000,2000000
2022-Dec-18 08:24:01.101,91282CFX4,99.738281,2000000,4000000,99.753906,2000000,4000000
2022-Dec-18 08:24:01.155,91282CFX4,99.746094,1000000,2000000,99.753906,1000000,2000000
2022-Dec-18 08:24:01.206,91282CFX4,99.746094,2000000,4000000,99.761719,2000000,4000000
2022-Dec-18 08:24:01.260,91282CFX4,99.753906,1000000,2000000,99.761719,1000000,2000000
2022-Dec-18 08:24:01.315,91282CFX4,99.753906,2000000,4000000,99.769531,2000000,4000000
2022-Dec-18 08:24:01.366,91282CFX4,99.761719,1000000,2000000,99.769531,1000000,2000000
2022-Dec-18 08:24:01.416,91282CFX4,99.761719,2000000,4000000,99.777344,2000000,4000000
2022-Dec-18 08:24:01.471,91282CFX4,99.769531,1000000,2000000,99.777344,1000000,2000000
2022-Dec-18 08:24:01.522,91282CFX4,99.769531,2000000,4000000,99.785156,2000000,4000000
2022-Dec-18 08:24:01.573,91282CFX4,99.777344,1000000,2000000,99.785156,1000000,2000000
2022-Dec-18 08:24:01.628,91282CFX4,99.777344,2000000,4000000,99.792969,2000000,4000000
2022-Dec-18 08:24:01.681,91282CFX4,99.785156,1000000,2000000,99.792969,1000000,2000000
2022-Dec-18 08:24:01.734,91282CFX4,99.785156,2000000,4000000,99.800781,2000000,4000000
2022-Dec-18 08:24:01.785,91282CFX4,99.792969,1000000,2000000,99.800781,1000000,2000000
2022-Dec-18 08:24:01.837,91282CFX4,99.792969,2000000,4000000,99.808594,2000000,4000000
2022-Dec-18 08:24:01.888,91282CFX4,99.800781,1000000,2000000,99.808594,1000000,2000000
2022-Dec-18 08:24:01.940,91282CFX4,99.800781,2000000,4000000,99.816406,2000000,4000000
2022-Dec-18 08:24:01.990,91282CFX4,99.808594,1000000,2000000,99.816406,1000000,2000000
2022-Dec-18 08:24:02.046,91282CFX4,99.808594,2000000,4000000,99.824219,2000000,4000000
2022-Dec-18 08:24:02.100,91282CFX4,99.816406,1000000,2000000,99.824219,1000000,2000000
2022-Dec-18 08:24:02.154,91282CFX4,99.816406,2000000,4000000,99.832031,2000000,4000000
2022-Dec-18 08:24:02.207,91282CFX4,99.824219,1000000,2000000,99.832031,1000000,2000000
2022-Dec-18 08:24:02.260,91282CFX4,99.824219,2000000,4000000,99.839844,2000000,4000000
2022-Dec-18 08:24:02.314,91282CFX4,99.832031,1000000,2000000,99.839844,1000000,2000000
2022-Dec-18 08:24:02.365,91282CFX4,99.832031,2000000,4000000,99.847656,2000000,4000000
2022-Dec-18 08:24:02.416,91282CFX4,99.839844,1000000,2000000,99.847656,1000000,2000000
2022-Dec-18 08:24:02.471,91282CFX4,99.839844,2000000,4000000,99.855469,2000000,4000000
2022-Dec-18 08:24:02.525,91282CFX4,99.847656,1000000,2000000,99.855469,1000000,2000000
2022-Dec-18 08:24:02.577,91282CFX4,99.847656,2000000,4000000,99.863281,2000000,4000000
2022-Dec-18 08:24:02.631,91282CFX4,99.855469,1000000,2000000,99.863281,1000000,2000000
2022-Dec-18 08:24:02.683,91282CFX4,99.855469,2000000,4000000,99.871094,2000000,4000000
2022-Dec-18 08:24:02.733,91282CFX4,99.863281,1000000,2000000,99.871094,1000000,2000000
2022-Dec-18 08:24:02.783,91282CFX4,99.863281,2000000,4000000,99.878906,2000000,4000000
2022-Dec-18 08:24:02.838,91282CFX4,99.871094,1000000,2000000,99.878906,1000000,2000000
2022-Dec-18 08:24:02.888,91282CFX4,99.871094,2000000,4000000,99.886719,2000000,4000000
2022-Dec-18 08:24:02.943,91282CFX4,99.878906,1000000,2000000,99.886719,1000000,2000000
2022-Dec-18 08:24:02.997,91282CFX4,99.878906,2000000,4000000,99.894531,2000000,4000000
2022-Dec-18 08:24:03.050,91282CFX4,99.886719,1000000,2000000,99.894531,1000000,2000000
2022-Dec-18 08:24:03.104,91282CFX4,99.886719,2000000,4000000,99.902344,2000000,4000000
2022-Dec-18 08:24:03.156,91282CFX4,99.894531,1000000,2000000,99.902344,1000000,2000000
2022-Dec-18 08:24:03.208,91282CFX4,99.894531,2000000,4000000,99.910156,2000000,4000000
2022-Dec-18 08:24:03.262,91282CFX4,99.902344,1000000,2000000,99.910156,1000000,2000000
2022-Dec-18 08:24:03.316,91282CFX4,99.902344,2000000,4000000,99.917969,2000000,4000000
2022-Dec-18 08:24:03.366,91282CFX4,99.910156,1000000,2000000,99.917969,1000000,2000000
2022-Dec-18 08:24:03.416,91282CFX4,99.910156,2000000,4000000,99.925781,2000000,4000000
2022-Dec-18 08:24:03.471,91282CFX4,99.917969,1000000,2000000,99.925781,1000000,2000000
2022-Dec-18 08:24:03.521,91282CFX4,99.917969,2000000,4000000,99.933594,2000000,4000000
2022-Dec-18 08:24:03.575,91282CFX4,99.925781,1000000,2000000,99.933594,1000000,2000000
2022-Dec-18 08:24:03.629,91282CFX4,99.925781,2000000,4000000,99.941406,2000000,4000000
2022-Dec-18 08:24:03.680,91282CFX4,99.933594,1000000,2000000,99.941406,1000000,2000000
2022-Dec-18 08:24:03.733,91282CFX4,99.933594,2000000,4000000,99.949219,2000000,4000000
2022-Dec-18 08:24:03.788,91282CFX4,99.941406,1000000,2000000,99.949219,1000000,2000000
2022-Dec-18 08:24:03.842,91282CFX4,99.941406,2000000,4000000,99.957031,2000000,4000000
2022-Dec-18 08:24:03.897,91282CFX4,99.949219,1000000,2000000,99.957031,1000000,2000000
2022-Dec-18 08:24:03.951,91282CFX4,99.949219,2000000,4000000,99.964844,2000000,4000000
2022-Dec-18 08:24:04.002,91282CFX4,99.957031,1000000,2000000,99.964844,1000000,2000000
2022-Dec-18 08:24:04.052,91282CFX4,99.957031,2000000,4000000,99.972656,2000000,4000000
2022-Dec-18 08:24:04.102,91282CFX4,99.964844,1000000,2000000,99.972656,1000000,2000000
2022-Dec-18 08:24:04.157,91282CFX4,99.964844,2000000,4000000,99.980469,2000000,4000000
2022-Dec-18 08:24:04.208,91282CFX4,99.972656,1000000,2000000,99.980469,1000000,2000000
2022-Dec-18 08:24:04.263,91282CFX4,99.972656,2000000,4000000,99.988281,2000000,4000000
2022-Dec-18 08:24:04.317,91282CFX4,99.980469,1000000,2000000,99.988281,1000000,2000000
2022-Dec-18 08:24:04.367,91282CFX4,99.980469,2000000,4000000,99.996094,2000000,4000000
2022-Dec-18 08:24:04.417,91282CFX4,99.988281,1000000,2000000,99.996094,1000000,2000000
2022-Dec-18 08:24:04.471,91282CFX4,99.988281,2000000,4000000,100.003906,2000000,4000000
2022-Dec-18 08:24:04.522,91282CFX4,99.996094,1000000,2000000,100.003906,1000000,2000000
2022-Dec-18 08:24:04.577,91282CFX4,99.996094,2000000,4000000,100.011719,2000000,4000000
2022-Dec-18 08:24:04.630,91282CFX4,100.003906,1000000,2000000,100.011719,1000000,2000000
2022-Dec-18 08:24:04.681,91282CFX4,100.003906,2000000,4000000,100.019531,2000000,4000000
2022-Dec-18 08:24:04.736,91282CFX4,100.011719,1000000,2000000,100.019531,1000000,2000000
2022-Dec-18 08:24:04.787,91282CFX4,100.011719,2000000,4000000,100.027344,2000000,4000000
2022-Dec-18 08:24:04.838,91282CFX4,100.019531,1000000,2000000,100.027344,1000000,2000000
2022-Dec-18 08:24:04.891,91282CFX4,100.019531,2000000,4000000,100.035156,2000000,4000000
2022-Dec-18 08:24:04.942,91282CFX4,100.027344,1000000,2000000,100.035156,1000000,2000000
2022-Dec-18 08:24:04.997,91282CFX4,100.027344,2000000,4000000,100.042969,2000000,4000000
2022-Dec-18 08:24:05.049,91282CFX4,100.035156,1000000,2000000,100.042969,1000000,2000000
2022-Dec-18 08:24:05.100,91282CFX4,100.035156,2000000,4000000,100.050781,2000000,4000000
2022-Dec-18 08:24:05.152,91282CFX4,100.042969,1000000,2000000,100.050781,1000000,2000000
2022-Dec-18 08:24:05.203,91282CFX4,100.042969,2000000,4000000,100.058594,2000000,4000000
2022-Dec-18 08:24:05.254,91282CFX4,100.050781,1000000,2000000,100.058594,1000000,2000000
2022-Dec-18 08:24:05.308,91282CFX4,100.050781,2000000,4000000,100.066406,2000000,4000000
2022-Dec-18 08:24:05.359,91282CFX4,100.058594,1000000,2000000,100.066406,1000000,2000000
2022-Dec-18 08:24:05.409,91282CFX4,100.058594,2000000,4000000,100.074219,2000000,4000000
2022-Dec-18 08:24:05.460,91282CFX4,100.066406,1000000,2000000,100.074219,1000000,2000000
2022-Dec-18 08:24:05.511,91282CFX4,100.066406,2000000,4000000,100.082031,2000000,4000000
2022-Dec-18 08:24:05.563,91282CFX4,100.074219,1000000,2000000,100.082031,1000000,2000000
2022-Dec-18 08:24:05.615,91282CFX4,100.074219,2000000,4000000,100.089844,2000000,4000000
2022-Dec-18 08:24:05.669,91282CFX4,100.082031,1000000,2000000,100.089844,1000000,2000000
2022-Dec-18 08:24:05.723,91282CFX4,100.082031,2000000,4000000,100.097656,2000000,4000000
2022-Dec-18 08:24:05.774,91282CFX4,100.089844,1000000,2000000,100.097656,1000000,2000000
2022-Dec-18 08:24:05.825,91282CFX4,100.089844,2000000,4000000,100.105469,2000000,4000000
2022-Dec-18 08:24:05.875,91282CFX4,100.097656,1000000,2000000,100.105469,1000000,2000000
2022-Dec-18 08:24:05.929,91282CFX4,100.097656,2000000,4000000,100.113281,2000000,4000000
2022-Dec-18 08:24:05.983,91282CFX4,100.105469,1000000,2000000,100.113281,1000000,2000000
2022-Dec-18 08:24:06.037,91282CFX4,100.105469,2000000,4000000,100.121094,2000000,4000000
2022-Dec-18 08:24:06.087,91282CFX4,100.113281,1000000,2000000,100.121094,1000000,2000000
2022-Dec-18 08:24:06.138,91282CFX4,100.113281,2000000,4000000,100.128906,2000000,4000000
2022-Dec-18 08:24:06.189,91282CFX4,100.121094,1000000,2000000,100.128906,1000000,2000000
2022-Dec-18 08:24:06.241,91282CFX4,100.121094,2000000,4000000,100.136719,2000000,4000000
2022-Dec-18 08:24:06.296,91282CFX4,100.128906,1000000,2000000,100.136719,1000000,2000000
2022-Dec-18 08:24:06.348,91282CFX4,100.128906,2000000,4000000,100.144531,2000000,4000000
2022-Dec-18 08:24:06.401,91282CFX4,100.136719,1000000,2000000,100.144531,1000000,2000000
2022-Dec-18 08:24:06.454,91282CFX4,100.136719,2000000,4000000,100.152344,2000000,4000000
2022-Dec-18 08:24:06.508,91282CFX4,100.144531,1000000,2000000,100.152344,1000000,2000000
2022-Dec-18 08:24:06.563,91282CFX4,100.144531,2000000,4000000,100.160156,2000000,4000000
2022-Dec-18 08:24:06.618,91282CFX4,100.152344,1000000,2000000,100.160156,1000000,2000000
2022-Dec-18 08:24:06.671,91282CFX4,100.152344,2000000,4000000,100.167969,2000000,4000000
2022-Dec-18 08:24:06.725,91282CFX4,100.160156,1000000,2000000,100.167969,1000000,2000000
2022-Dec-18 08:24:06.775,91282CFX4,100.160156,2000000,4000000,100.175781,2000000,4000000
2022-Dec-18 08:24:06.829,91282CFX4,100.167969,1000000,2000000,100.175781,1000000,2000000
2022-Dec-18 08:24:06.883,91282CFX4,100.167969,2000000,4000000,100.183594,2000000,4000000
2022-Dec-18 08:24:06.937,91282CFX4,100.175781,1000000,2000000,100.183594,1000000,2000000
2022-Dec-18 08:24:06.987,91282CFX4,100.175781,2000000,4000000,100.191406,2000000,4000000
2022-Dec-18 08:24:07.042,91282CFX4,100.183594,1000000,2000000,100.191406,1000000,2000000
2022-Dec-18 08:24:07.093,91282CFX4,100.183594,2000000,4000000,100.199219,2000000,4000000
2022-Dec-18 08:24:07.147,91282CFX4,100.191406,1000000,2000000,100.199219,1000000,2000000
2022-Dec-18 08:24:07.200,91282CFX4,100.191406,2000000,4000000,100.207031,2000000,4000000
2022-Dec-18 08:24:07.254,91282CFX4,100.199219,1000000,2000000,100.207031,1000000,2000000
2022-Dec-18 08:24:07.306,91282CFX4,100.199219,2000000,4000000,100.214844,2000000,4000000
2022-Dec-18 08:24:07.357,91282CFX4,100.207031,1000000,2000000,100.214844,1000000,2000000
2022-Dec-18 08:24:07.408,91282CFX4,100.207031,2000000,4000000,100.222656,2000000,4000000
2022-Dec-18 08:24:07.463,91282CFX4,100.214844,1000000,2000000,100.222656,1000000,2000000
2022-Dec-18 08:24:07.515,91282CFX4,100.214844,2000000,4000000,100.230469,2000000,4000000
2022-Dec-18 08:24:07.565,91282CFX4,100.222656,1000000,2000000,100.230469,1000000,2000000
2022-Dec-18 08:24:07.621,91282CFX4,100.222656,2000000,4000000,100.238281,2000000,4000000
2022-Dec-18 08:24:07.672,91282CFX4,100.230469,1000000,2000000,100.238281,1000000,2000000
2022-Dec-18 08:24:07.727,91282CFX4,100.230469,2000000,4000000,100.246094,2000000,4000000
2022-Dec-18 08:24:07.780,91282CFX4,100.238281,1000000,2000000,100.246094,1000000,2000000
2022-Dec-18 08:24:07.832,91282CFX4,100.238281,2000000,4000000,100.253906,2000000,4000000
2022-Dec-18 08:24:07.883,91282CFX4,100.246094,1000000,2000000,100.253906,1000000,2000000
2022-Dec-18 08:24:07.934,91282CFX4,100.246094,2000000,4000000,100.261719,2000000,4000000
2022-Dec-18 08:24:07.988,91282CFX4,100.253906,1000000,2000000,100.261719,1000000,2000000
2022-Dec-18 08:24:08.042,91282CFX4,100.253906,2000000,4000000,100.269531,2000000,4000000
2022-Dec-18 08:24:08.093,91282CFX4,100.261719,1000000,2000000,100.269531,1000000,2000000
2022-Dec-18 08:24:08.144,91282CFX4,100.261719,2000000,4000000,100.277344,2000000,4000000
2022-Dec-18 08:24:08.196,91282CFX4,100.269531,1000000,2000000,100.277344,1000000,2000000
2022-Dec-18 08:24:08.249,91282CFX4,100.269531,2000000,4000000,100.285156,2000000,4000000
2022-Dec-18 08:24:08.301,91282CFX4,100.277344,1000000,2000000,100.285156,1000000,2000000
2022-Dec-18 08:24:08.351,91282CFX4,100.277344,2000000,4000000,100.292969,2000000,4000000
2022-Dec-18 08:24:08.406,91282CFX4,100.285156,1000000,2000000,100.292969,1000000,2000000
2022-Dec-18 08:24:08.459,91282CFX4,100.285156,2000000,4000000,100.300781,2000000,4000000
2022-Dec-18 08:24:08.514,91282CFX4,100.292969,1000000,2000000,100.300781,1000000,2000000
2022-Dec-18 08:24:08.569,91282CFX4,100.292969,2000000,4000000,100.308594,2000000,4000000
2022-Dec-18 08:24:08.620,91282CFX4,100.300781,1000000,2000000,100.308594,1000000,2000000
2022-Dec-18 08:24:08.673,91282CFX4,100.300781,2000000,4000000,100.316406,2000000,4000000
2022-Dec-18 08:24:08.727,91282CFX4,100.308594,1000000,2000000,100.316406,1000000,2000000
2022-Dec-18 08:24:08.780,91282CFX4,100.308594,2000000,4000000,100.324219,2000000,4000000
2022-Dec-18 08:24:08.832,91282CFX4,100.316406,1000000,2000000,100.324219,1000000,2000000
2022-Dec-18 08:24:08.886,91282CFX4,100.316406,2000000,4000000,100.332031,2000000,4000000
2022-Dec-18 08:24:08.936,91282CFX4,100.324219,1000000,2000000,100.332031,1000000,2000000
2022-Dec-18 08:24:08.987,91282CFX4,100.324219,2000000,4000000,100.339844,2000000,4000000
2022-Dec-18 08:24:09.037,91282CFX4,100.332031,1000000,2000000,100.339844,1000000,2000000
2022-Dec-18 08:24:09.088,91282CFX4,100.332031,2000000,4000000,100.347656,2000000,4000000
2022-Dec-18 08:24:09.139,91282CFX4,100.339844,1000000,2000000,100.347656,1000000,2000000
2022-Dec-18 08:24:09.194,91282CFX4,100.339844,2000000,4000000,100.355469,2000000,4000000
2022-Dec-18 08:24:09.249,91282CFX4,100.347656,1000000,2000000,100.355469,1000000,2000000
2022-Dec-18 08:24:09.304,91282CFX4,100.347656,2000000,4000000,100.363281,2000000,4000000
2022-Dec-18 08:24:09.355,91282CFX4,100.355469,1000000,2000000,100.363281,1000000,2000000
2022-Dec-18 08:24:09.408,91282CFX4,100.355469,2000000,4000000,100.371094,2000000,4000000
2022-Dec-18 08:24:09.463,91282CFX4,100.363281,1000000,2000000,100.371094,1000000,2000000
2022-Dec-18 08:24:09.514,91282CFX4,100.363281,2000000,4000000,100.378906,2000000,4000000
2022-Dec-18 08:24:09.565,91282CFX4,100.371094,1000000,2000000,100.378906,1000000,2000000
2022-Dec-18 08:24:09.618,91282CFX4,100.371094,2000000,4000000,100.386719,2000000,4000000
2022-Dec-18 08:24:09.668,91282CFX4,100.378906,1000000,2000000,100.386719,1000000,2000000
2022-Dec-18 08:24:09.720,91282CFX4,100.378906,2000000,4000000,100.394531,2000000,4000000
2022-Dec-18 08:24:09.772,91282CFX4,100.386719,1000000,2000000,100.394531,1000000,2000000
2022-Dec-18 08:24:09.824,91282CFX4,100.386719,2000000,4000000,100.402344,2000000,4000000
2022-Dec-18 08:24:09.875,91282CFX4,100.394531,1000000,2000000,100.402344,1000000,2000000
2022-Dec-18 08:24:09.927,91282CFX4,100.394531,2000000,4000000,100.410156,2000000,4000000
2022-Dec-18 08:24:09.980,91282CFX4,100.402344,1000000,2000000,100.410156,1000000,2000000
2022-Dec-18 08:24:10.032,91282CFX4,100.402344,2000000,4000000,100.417969,2000000,4000000
2022-Dec-18 08:24:10.083,91282CFX4,100.410156,1000000,2000000,100.417969,1000000,2000000
2022-Dec-18 08:24:10.136,91282CFX4,100.410156,2000000,4000000,100.425781,2000000,4000000
2022-Dec-18 08:24:10.186,91282CFX4,100.417969,1000000,2000000,100.425781,1000000,2000000
2022-Dec-18 08:24:10.240,91282CFX4,100.417969,2000000,4000000,100.433594,2000000,4000000
2022-Dec-18 08:24:10.294,91282CFX4,100.425781,1000000,2000000,100.433594,1000000,2000000
2022-Dec-18 08:24:10.348,91282CFX4,100.425781,2000000,4000000,100.441406,2000000,4000000
2022-Dec-18 08:24:10.403,91282CFX4,100.433594,1000000,2000000,100.441406,1000000,2000000
2022-Dec-18 08:24:10.459,91282CFX4,100.433594,2000000,4000000,100.449219,2000000,4000000
2022-Dec-18 08:24:10.513,91282CFX4,100.441406,1000000,2000000,100.449219,1000000,2000000
2022-Dec-18 08:24:10.564,91282CFX4,100.441406,2000000,4000000,100.457031,2000000,4000000
2022-Dec-18 08:24:10.617,91282CFX4,100.449219,1000000,2000000,100.457031,1000000,2000000
2022-Dec-18 08:24:10.669,91282CFX4,100.449219,2000000,4000000,100.464844,2000000,4000000
2022-Dec-18 08:24:10.723,91282CFX4,100.457031,1000000,2000000,100.464844,1000000,2000000
2022-Dec-18 08:24:10.777,91282CFX4,100.457031,2000000,4000000,100.472656,2000000,4000000
2022-Dec-18 08:24:10.830,91282CFX4,100.464844,1000000,2000000,100.472656,1000000,2000000
2022-Dec-18 08:24:10.880,91282CFX4,100.464844,2000000,4000000,100.480469,2000000,4000000
2022-Dec-18 08:24:10.932,91282CFX4,100.472656,1000000,2000000,100.480469,1000000,2000000
2022-Dec-18 08:24:10.982,91282CFX4,100.472656,2000000,4000000,100.488281,2000000,4000000
2022-Dec-18 08:24:11.033,91282CFX4,100.480469,1000000,2000000,100.488281,1000000,2000000
2022-Dec-18 08:24:11.086,91282CFX4,100.480469,2000000,4000000,100.496094,2000000,4000000
2022-Dec-18 08:24:11.138,91282CFX4,100.488281,1000000,2000000,100.496094,1000000,2000000
2022-Dec-18 08:24:11.190,91282CFX4,100.488281,2000000,4000000,100.503906,2000000,4000000
2022-Dec-18 08:24:11.244,91282CFX4,100.496094,1000000,2000000,100.503906,1000000,2000000
2022-Dec-18 08:24:11.296,91282CFX4,100.496094,2000000,4000000,100.511719,2000000,4000000
2022-Dec-18 08:24:11.349,91282CFX4,100.503906,1000000,2000000,100.511719,1000000,2000000
2022-Dec-18 08:24:11.400,91282CFX4,100.503906,2000000,4000000,100.519531,2000000,4000000
2022-Dec-18 08:24:11.453,91282CFX4,100.511719,1000000,2000000,100.519531,1000000,2000000
2022-Dec-18 08:24:11.506,91282CFX4,100.511719,2000000,4000000,100.527344,2000000,4000000
2022-Dec-18 08:24:11.561,91282CFX4,100.519531,1000000,2000000,100.527344,1000000,2000000
2022-Dec-18 08:24:11.614,91282CFX4,100.519531,2000000,4000000,100.535156,2000000,4000000
2022-Dec-18 08:24:11.666,91282CFX4,100.527344,1000000,2000000,100.535156,1000000,2000000
2022-Dec-18 08:24:11.716,91282CFX4,100.527344,2000000,4000000,100.542969,2000000,4000000
2022-Dec-18 08:24:11.766,91282CFX4,100.535156,1000000,2000000,100.542969,1000000,2000000
2022-Dec-18 08:24:11.820,91282CFX4,100.535156,2000000,4000000,100.550781,2000000,4000000
2022-Dec-18 08:24:11.870,91282CFX4,100.542969,1000000,2000000,100.550781,1000000,2000000
2022-Dec-18 08:24:11.922,91282CFX4,100.542969,2000000,4000000,100.558594,2000000,4000000
2022-Dec-18 08:24:11.973,91282CFX4,100.550781,1000000,2000000,100.558594,1000000,2000000
2022-Dec-18 08:24:12.027,91282CFX4,100.550781,2000000,4000000,100.566406,2000000,4000000
2022-Dec-18 08:24:12.081,91282CFX4,100.558594,1000000,2000000,100.566406,1000000,2000000
2022-Dec-18 08:24:12.133,91282CFX4,100.558594,2000000,4000000,100.574219,2000000,4000000
2022-Dec-18 08:24:12.187,91282CFX4,100.566406,1000000,2000000,100.574219,1000000,2000000
2022-Dec-18 08:24:12.238,91282CFX4,100.566406,2000000,4000000,100.582031,2000000,4000000
2022-Dec-18 08:24:12.289,91282CFX4,100.574219,1000000,2000000,100.582031,1000000,2000000
2022-Dec-18 08:24:12.339,91282CFX4,100.574219,2000000,4000000,100.589844,2000000,4000000
2022-Dec-18 08:24:12.389,91282CFX4,100.582031,1000000,2000000,100.589844,1000000,2000000
2022-Dec-18 08:24:12.439,91282CFX4,100.582031,2000000,4000000,100.597656,2000000,4000000
2022-Dec-18 08:24:12.490,91282CFX4,100.589844,1000000,2000000,100.597656,1000000,2000000
2022-Dec-18 08:24:12.540,91282CFX4,100.589844,2000000,4000000,100.605469,2000000,4000000
2022-Dec-18 08:24:12.590,91282CFX4,100.597656,1000000,2000000,100.605469,1000000,2000000
2022-Dec-18 08:24:12.644,91282CFX4,100.597656,2000000,4000000,100.613281,2000000,4000000
2022-Dec-18 08:24:12.697,91282CFX4,100.605469,1000000,2000000,100.613281,1000000,2000000
2022-Dec-18 08:24:12.751,91282CFX4,100.605469,2000000,4000000,100.621094,2000000,4000000
2022-Dec-18 08:24:12.803,91282CFX4,100.613281,1000000,2000000,100.621094,1000000,2000000
2022-Dec-18 08:24:12.858,91282CFX4,100.613281,2000000,4000000,100.628906,2000000,4000000
2022-Dec-18 08:24:12.911,91282CFX4,100.621094,1000000,2000000,100.628906,1000000,2000000
2022-Dec-18 08:24:12.964,91282CFX4,100.621094,2000000,4000000,100.636719,2000000,4000000
2022-Dec-18 08:24:13.016,91282CFX4,100.628906,1000000,2000000,100.636719,1000000,2000000
2022-Dec-18 08:24:13.071,91282CFX4,100.628906,2000000,4000000,100.644531,2000000,4000000
2022-Dec-18 08:24:13.126,91282CFX4,100.636719,1000000,2000000,100.644531,1000000,2000000
2022-Dec-18 08:24:13.181,91282CFX4,100.636719,2000000,4000000,100.652344,2000000,4000000
2022-Dec-18 08:24:13.234,91282CFX4,100.644531,1000000,2000000,100.652344,1000000,2000000
2022-Dec-18 08:24:13.287,91282CFX4,100.644531,2000000,4000000,100.660156,2000000,4000000
2022-Dec-18 08:24:13.337,91282CFX4,100.652344,1000000,2000000,100.660156,1000000,2000000
2022-Dec-18 08:24:13.390,91282CFX4,100.652344,2000000,4000000,100.667969,2000000,4000000
2022-Dec-18 08:24:13.444,91282CFX4,100.660156,1000000,2000000,100.667969,1000000,2000000
2022-Dec-18 08:24:13.495,91282CFX4,100.660156,2000000,4000000,100.675781,2000000,4000000
2022-Dec-18 08:24:13.548,91282CFX4,100.667969,1000000,2000000,100.675781,1000000,2000000
2022-Dec-18 08:24:13.599,91282CFX4,100.667969,2000000,4000000,100.683594,2000000,4000000
2022-Dec-18 08:24:13.653,91282CFX4,100.675781,1000000,2000000,100.683594,1000000,2000000
2022-Dec-18 08:24:13.704,91282CFX4,100.675781,2000000,4000000,100.691406,2000000,4000000
2022-Dec-18 08:24:13.757,91282CFX4,100.683594,1000000,2000000,100.691406,1000000,2000000
2022-Dec-18 08:24:13.807,91282CFX4,100.683594,2000000,4000000,100.699219,2000000,4000000
2022-Dec-18 08:24:13.862,91282CFX4,100.691406,1000000,2000000,100.699219,1000000,2000000
2022-Dec-18 08:24:13.916,91282CFX4,100.691406,2000000,4000000,100.707031,2000000,4000000
2022-Dec-18 08:24:13.967,91282CFX4,100.699219,1000000,2000000,100.707031,1000000,2000000
2022-Dec-18 08:24:14.020,91282CFX4,100.699219,2000000,4000000,100.714844,2000000,4000000
2022-Dec-18 08:24:14.070,91282CFX4,100.707031,1000000,2000000,100.714844,1000000,2000000
2022-Dec-18 08:24:14.124,91282CFX4,100.707031,2000000,4000000,100.722656,2000000,4000000
2022-Dec-18 08:24:14.177,91282CFX4,100.714844,1000000,2000000,100.722656,1000000,2000000
2022-Dec-18 08:24:14.232,91282CFX4,100.714844,2000000,4000000,100.730469,2000000,4000000
2022-Dec-18 08:24:14.282,91282CFX4,100.722656,1000000,2000000,100.730469,1000000,2000000
2022-Dec-18 08:24:14.336,91282CFX4,100.722656,2000000,4000000,100.738281,2000000,4000000
2022-Dec-18 08:24:14.387,91282CFX4,100.730469,1000000,2000000,100.738281,1000000,2000000
2022-Dec-18 08:24:14.438,91282CFX4,100.730469,2000000,4000000,100.746094,2000000,4000000
2022-Dec-18 08:24:14.488,91282CFX4,100.738281,1000000,2000000,100.746094,1000000,2000000
2022-Dec-18 08:24:14.539,91282CFX4,100.738281,2000000,4000000,100.753906,2000000,4000000
2022-Dec-18 08:24:14.589,91282CFX4,100.746094,1000000,2000000,100.753906,1000000,2000000
2022-Dec-18 08:24:14.639,91282CFX4,100.746094,2000000,4000000,100.761719,2000000,4000000
2022-Dec-18 08:24:14.692,91282CFX4,100.753906,1000000,2000000,100.761719,1000000,2000000
2022-Dec-18 08:24:14.746,91282CFX4,100.753906,2000000,4000000,100.769531,2000000,4000000
2022-Dec-18 08:24:14.797,91282CFX4,100.761719,1000000,2000000,100.769531,1000000,2000000
2022-Dec-18 08:24:14.849,91282CFX4,100.761719,2000000,4000000,100.777344,2000000,4000000
2022-Dec-18 08:24:14.899,91282CFX4,100.769531,1000000,2000000,100.777344,1000000,2000000
2022-Dec-18 08:24:14.952,91282CFX4,100.769531,2000000,4000000,100.785156,2000000,4000000
2022-Dec-18 08:24:15.003,91282CFX4,100.777344,1000000,2000000,100.785156,1000000,2000000
2022-Dec-18 08:24:15.057,91282CFX4,100.777344,2000000,4000000,100.792969,2000000,4000000
2022-Dec-18 08:24:15.111,91282CFX4,100.785156,1000000,2000000,100.792969,1000000,2000000
2022-Dec-18 08:24:15.163,91282CFX4,100.785156,2000000,4000000,100.800781,2000000,4000000
2022-Dec-18 08:24:15.214,91282CFX4,100.792969,1000000,2000000,100.800781,1000000,2000000
2022-Dec-18 08:24:15.266,91282CFX4,100.792969,2000000,4000000,100.808594,2000000,4000000
2022-Dec-18 08:24:15.319,91282CFX4,100.800781,1000000,2000000,100.808594,1000000,2000000
2022-Dec-18 08:24:15.370,91282CFX4,100.800781,2000000,4000000,100.816406,2000000,4000000
2022-Dec-18 08:24:15.420,91282CFX4,100.808594,1000000,2000000,100.816406,1000000,2000000
2022-Dec-18 08:24:15.475,91282CFX4,100.808594,2000000,4000000,100.824219,2000000,4000000
2022-Dec-18 08:24:15.525,91282CFX4,100.816406,1000000,2000000,100.824219,1000000,2000000
2022-Dec-18 08:24:15.579,91282CFX4,100.816406,2000000,4000000,100.832031,2000000,4000000
2022-Dec-18 08:24:15.631,91282CFX4,100.824219,1000000,2000000,100.832031,1000000,2000000
2022-Dec-18 08:24:15.685,91282CFX4,100.824219,2000000,4000000,100.839844,2000000,4000000
2022-Dec-18 08:24:15.737,91282CFX4,100.832031,1000000,2000000,100.839844,1000000,2000000
2022-Dec-18 08:24:15.789,91282CFX4,100.832031,2000000,4000000,100.847656,2000000,4000000
2022-Dec-18 08:24:15.839,91282CFX4,100.839844,1000000,2000000,100.847656,1000000,2000000
2022-Dec-18 08:24:15.891,91282CFX4,100.839844,2000000,4000000,100.855469,2000000,4000000
2022-Dec-18 08:24:15.945,91282CFX4,100.847656,1000000,2000000,100.855469,1000000,2000000
2022-Dec-18 08:24:15.999,91282CFX4,100.847656,2000000,4000000,100.863281,2000000,4000000
2022-Dec-18 08:24:16.049,91282CFX4,100.855469,1000000,2000000,100.863281,1000000,2000000
2022-Dec-18 08:24:16.103,91282CFX4,100.855469,2000000,4000000,100.871094,2000000,4000000
2022-Dec-18 08:24:16.154,91282CFX4,100.863281,1000000,2000000,100.871094,1000000,2000000
2022-Dec-18 08:24:16.205,91282CFX4,100.863281,2000000,4000000,100.878906,2000000,4000000
2022-Dec-18 08:24:16.257,91282CFX4,100.871094,1000000,2000000,100.878906,1000000,2000000
2022-Dec-18 08:24:16.312,91282CFX4,100.871094,2000000,4000000,100.886719,2000000,4000000
2022-Dec-18 08:24:16.364,91282CFX4,100.878906,1000000,2000000,100.886719,1000000,2000000
2022-Dec-18 08:24:16.414,91282CFX4,100.878906,2000000,4000000,100.894531,2000000,4000000
2022-Dec-18 08:24:16.465,91282CFX4,100.886719,1000000,2000000,100.894531,1000000,2000000
2022-Dec-18 08:24:16.515,91282CFX4,100.886719,2000000,4000000,100.902344,2000000,4000000
2022-Dec-18 08:24:16.569,91282CFX4,100.894531,1000000,2000000,100.902344,1000000,2000000
2022-Dec-18 08:24:16.622,91282CFX4,100.894531,2000000,4000000,100.910156,2000000,4000000
2022-Dec-18 08:24:16.672,91282CFX4,100.902344,1000000,2000000,100.910156,1000000,2000000
2022-Dec-18 08:24:16.724,91282CFX4,100.902344,2000000,4000000,100.917969,2000000,4000000
2022-Dec-18 08:24:16.778,91282CFX4,100.910156,1000000,2000000,100.917969,1000000,2000000
2022-Dec-18 08:24:16.829,91282CFX4,100.910156,2000000,4000000,100.925781,2000000,4000000
2022-Dec-18 08:24:16.884,91282CFX4,100.917969,1000000,2000000,100.925781,1000000,2000000
2022-Dec-18 08:24:16.934,91282CFX4,100.917969,2000000,4000000,100.933594,2000000,4000000
2022-Dec-18 08:24:16.985,91282CFX4,100.925781,1000000,2000000,100.933594,1000000,2000000
2022-Dec-18 08:24:17.037,91282CFX4,100.925781,2000000,4000000,100.941406,2000000,4000000
2022-Dec-18 08:24:17.090,91282CFX4,100.933594,1000000,2000000,100.941406,1000000,2000000
2022-Dec-18 08:24:17.145,91282CFX4,100.933594,2000000,4000000,100.949219,2000000,4000000
2022-Dec-18 08:24:17.196,91282CFX4,100.941406,1000000,2000000,100.949219,1000000,2000000
2022-Dec-18 08:24:17.249,91282CFX4,100.941406,2000000,4000000,100.957031,2000000,4000000
2022-Dec-18 08:24:17.301,91282CFX4,100.949219,1000000,2000000,100.957031,1000000,2000000
2022-Dec-18 08:24:17.353,91282CFX4,100.949219,2000000,4000000,100.964844,2000000,4000000
2022-Dec-18 08:24:17.403,91282CFX4,100.957031,1000000,2000000,100.964844,1000000,2000000
2022-Dec-18 08:24:17.453,91282CFX4,100.957031,2000000,4000000,100.972656,2000000,4000000
2022-Dec-18 08:24:17.504,91282CFX4,100.964844,1000000,2000000,100.972656,1000000,2000000
2022-Dec-18 08:24:17.554,91282CFX4,100.964844,2000000,4000000,100.980469,2000000,4000000
2022-Dec-18 08:24:17.605,91282CFX4,100.972656,1000000,2000000,100.980469,1000000,2000000
2022-Dec-18 08:24:17.658,91282CFX4,100.972656,2000000,4000000,100.988281,2000000,4000000
2022-Dec-18 08:24:17.708,91282CFX4,100.980469,1000000,2000000,100.988281,1000000,2000000
2022-Dec-18 08:24:17.762,91282CFX4,100.980469,2000000,4000000,100.996094,2000000,4000000
2022-Dec-18 08:24:17.812,91282CFX4,100.988281,1000000,2000000,100.996094,1000000,2000000
2022-Dec-18 08:24:17.863,91282CFX4,100.988281,2000000,4000000,101.003906,2000000,4000000
2022-Dec-18 08:24:17.913,91282CFX4,100.996094,1000000,2000000,101.003906,1000000,2000000
2022-Dec-18 08:24:17.966,91282CFX4,100.988281,2000000,4000000,101.003906,2000000,4000000
2022-Dec-18 08:24:18.021,91282CFX4,100.988281,1000000,2000000,100.996094,1000000,2000000
2022-Dec-18 08:24:18.071,91282CFX4,100.980469,2000000,4000000,100.996094,2000000,4000000
2022-Dec-18 08:24:18.122,91282CFX4,100.980469,1000000,2000000,100.988281,1000000,2000000
2022-Dec-18 08:24:18.172,91282CFX4,100.972656,2000000,4000000,100.988281,2000000,4000000
2022-Dec-18 08:24:18.223,91282CFX4,100.972656,1000000,2000000,100.980469,1000000,2000000
2022-Dec-18 08:24:18.274,91282CFX4,100.964844,2000000,4000000,100.980469,2000000,4000000
2022-Dec-18 08:24:18.325,91282CFX4,100.964844,1000000,2000000,100.972656,1000000,2000000
2022-Dec-18 08:24:18.376,91282CFX4,100.957031,2000000,4000000,100.972656,2000000,4000000
2022-Dec-18 08:24:18.427,91282CFX4,100.957031,1000000,2000000,100.964844,1000000,2000000
2022-Dec-18 08:24:18.481,91282CFX4,100.949219,2000000,4000000,100.964844,2000000,4000000
2022-Dec-18 08:24:18.532,91282CFX4,100.949219,1000000,2000000,100.957031,1000000,2000000
2022-Dec-18 08:24:18.582,91282CFX4,100.941406,2000000,4000000,100.957031,2000000,4000000
2022-Dec-18 08:24:18.632,91282CFX4,100.941406,1000000,2000000,100.949219,1000000,2000000
2022-Dec-18 08:24:18.686,91282CFX4,100.933594,2000000,4000000,100.949219,2000000,4000000
2022-Dec-18 08:24:18.739,91282CFX4,100.933594,1000000,2000000,100.941406,1000000,2000000
2022-Dec-18 08:24:18.789,91282CFX4,100.925781,2000000,4000000,100.941406,2000000,4000000
2022-Dec-18 08:24:18.839,91282CFX4,100.925781,1000000,2000000,100.933594,1000000,2000000
2022-Dec-18 08:24:18.890,91282CFX4,100.917969,2000000,4000000,100.933594,2000000,4000000
2022-Dec-18 08:24:18.942,91282CFX4,100.917969,1000000,2000000,100.925781,1000000,2000000
2022-Dec-18 08:24:18.992,91282CFX4,100.910156,2000000,4000000,100.925781,2000000,4000000
2022-Dec-18 08:24:19.044,91282CFX4,100.910156,1000000,2000000,100.917969,1000000,2000000
2022-Dec-18 08:24:19.098,91282CFX4,100.902344,2000000,4000000,100.917969,2000000,4000000
2022-Dec-18 08:24:19.149,91282CFX4,100.902344,1000000,2000000,100.910156,1000000,2000000
2022-Dec-18 08:24:19.199,91282CFX4,100.894531,2000000,4000000,100.910156,2000000,4000000
2022-Dec-18 08:24:19.252,91282CFX4,100.894531,1000000,2000000,100.902344,1000000,2000000
2022-Dec-18 08:24:19.306,91282CFX4,100.886719,2000000,4000000,100.902344,2000000,4000000
2022-Dec-18 08:24:19.361,91282CFX4,100.886719,1000000,2000000,100.894531,1000000,2000000
2022-Dec-18 08:24:19.412,91282CFX4,100.878906,2000000,4000000,100.894531,2000000,4000000
2022-Dec-18 08:24:19.462,91282CFX4,100.878906,1000000,2000000,100.886719,1000000,2000000
2022-Dec-18 08:24:19.512,91282CFX4,100.871094,2000000,4000000,100.886719,2000000,4000000
2022-Dec-18 08:24:19.563,91282CFX4,100.871094,1000000,2000000,100.878906,1000000,2000000
2022-Dec-18 08:24:19.613,91282CFX4,100.863281,2000000,4000000,100.878906,2000000,4000000
2022-Dec-18 08:24:19.663,91282CFX4,100.863281,1000000,2000000,100.871094,1000000,2000000
2022-Dec-18 08:24:19.714,91282CFX4,100.855469,2000000,4000000,100.871094,2000000,4000000
2022-Dec-18 08:24:19.764,91282CFX4,100.855469,1000000,2000000,100.863281,1000000,2000000
2022-Dec-18 08:24:19.815,91282CFX4,100.847656,2000000,4000000,100.863281,2000000,4000000
2022-Dec-18 08:24:19.865,91282CFX4,100.847656,1000000,2000000,100.855469,1000000,2000000
2022-Dec-18 08:24:19.919,91282CFX4,100.839844,2000000,4000000,100.855469,2000000,4000000
2022-Dec-18 08:24:19.973,91282CFX4,100.839844,1000000,2000000,100.847656,1000000,2000000
2022-Dec-18 08:24:20.027,91282CFX4,100.832031,2000000,4000000,100.847656,2000000,4000000
2022-Dec-18 08:24:20.081,91282CFX4,100.832031,1000000,2000000,100.839844,1000000,2000000
2022-Dec-18 08:24:20.135,91282CFX4,100.824219,2000000,4000000,100.839844,2000000,4000000
2022-Dec-18 08:24:20.189,91282CFX4,100.824219,1000000,2000000,100.832031,1000000,2000000
2022-Dec-18 08:24:20.239,91282CFX4,100.816406,2000000,4000000,100.832031,2000000,4000000
2022-Dec-18 08:24:20.289,91282CFX4,100.816406,1000000,2000000,100.824219,1000000,2000000
2022-Dec-18 08:24:20.339,91282CFX4,100.808594,2000000,4000000,100.824219,2000000,4000000
2022-Dec-18 08:24:20.394,91282CFX4,100.808594,1000000,2000000,100.816406,1000000,2000000
2022-Dec-18 08:24:20.448,91282CFX4,100.800781,2000000,4000000,100.816406,2000000,4000000
2022-Dec-18 08:24:20.498,91282CFX4,100.800781,1000000,2000000,100.808594,1000000,2000000
2022-Dec-18 08:24:20.548,91282CFX4,100.792969,2000000,4000000,100.808594,2000000,4000000
2022-Dec-18 08:24:20.602,91282CFX4,100.792969,1000000,2000000,100.800781,1000000,2000000
2022-Dec-18 08:24:20.652,91282CFX4,100.785156,2000000,4000000,100.800781,2000000,4000000
2022-Dec-18 08:24:20.703,91282CFX4,100.785156,1000000,2000000,100.792969,1000000,2000000
2022-Dec-18 08:24:20.754,91282CFX4,100.777344,2000000,4000000,100.792969,2000000,4000000
2022-Dec-18 08:24:20.804,91282CFX4,100.777344,1000000,2000000,100.785156,1000000,2000000
2022-Dec-18 08:24:20.854,91282CFX4,100.769531,2000000,4000000,100.785156,2000000,4000000
2022-Dec-18 08:24:20.905,91282CFX4,100.769531,1000000,2000000,100.777344,1000000,2000000
2022-Dec-18 08:24:20.955,91282CFX4,100.761719,2000000,4000000,100.777344,2000000,4000000
2022-Dec-18 08:24:21.008,91282CFX4,100.761719,1000000,2000000,100.769531,1000000,2000000
2022-Dec-18 08:24:21.062,91282CFX4,100.753906,2000000,4000000,100.769531,2000000,4000000
2022-Dec-18 08:24:21.112,91282CFX4,100.753906,1000000,2000000,100.761719,1000000,2000000
2022-Dec-18 08:24:21.166,91282CFX4,100.746094,2000000,4000000,100.761719,2000000,4000000
2022-Dec-18 08:24:21.219,91282CFX4,100.746094,1000000,2000000,100.753906,1000000,2000000
2022-Dec-18 08:24:21.270,91282CFX4,100.738281,2000000,4000000,100.753906,2000000,4000000
2022-Dec-18 08:24:21.324,91282CFX4,100.738281,1000000,2000000,100.746094,1000000,2000000
2022-Dec-18 08:24:21.374,91282CFX4,100.730469,2000000,4000000,100.746094,2000000,4000000
2022-Dec-18 08:24:21.428,91282CFX4,100.730469,1000000,2000000,100.738281,1000000,2000000
2022-Dec-18 08:24:21.481,91282CFX4,100.722656,2000000,4000000,100.738281,2000000,4000000
2022-Dec-18 08:24:21.531,91282CFX4,100.722656,1000000,2000000,100.730469,1000000,2000000
2022-Dec-18 08:24:21.585,91282CFX4,100.714844,2000000,4000000,100.730469,2000000,4000000
2022-Dec-18 08:24:21.637,91282CFX4,100.714844,1000000,2000000,100.722656,1000000,2000000
2022-Dec-18 08:24:21.692,91282CFX4,100.707031,2000000,4000000,100.722656,2000000,4000000
2022-Dec-18 08:24:21.746,91282CFX4,100.707031,1000000,2000000,100.714844,1000000,2000000
2022-Dec-18 08:24:21.799,91282CFX4,100.699219,2000000,4000000,100.714844,2000000,4000000
2022-Dec-18 08:24:21.854,91282CFX4,100.699219,1000000,2000000,100.707031,1000000,2000000
2022-Dec-18 08:24:21.904,91282CFX4,100.691406,2000000,4000000,100.707031,2000000,4000000
2022-Dec-18 08:24:21.960,91282CFX4,100.691406,1000000,2000000,100.699219,1000000,2000000
2022-Dec-18 08:24:22.013,91282CFX4,100.683594,2000000,4000000,100.699219,2000000,4000000
2022-Dec-18 08:24:22.064,91282CFX4,100.683594,1000000,2000000,100.691406,1000000,2000000
2022-Dec-18 08:24:22.118,91282CFX4,100.675781,2000000,4000000,100.691406,2000000,4000000
2022-Dec-18 08:24:22.169,91282CFX4,100.675781,1000000,2000000,100.683594,1000000,2000000
2022-Dec-18 08:24:22.224,91282CFX4,100.667969,2000000,4000000,100.683594,2000000,4000000
2022-Dec-18 08:24:22.277,91282CFX4,100.667969,1000000,2000000,100.675781,1000000,2000000
2022-Dec-18 08:24:22.331,91282CFX4,100.660156,2000000,4000000,100.675781,2000000,4000000
2022-Dec-18 08:24:22.385,91282CFX4,100.660156,1000000,2000000,100.667969,1000000,2000000
2022-Dec-18 08:24:22.436,91282CFX4,100.652344,2000000,4000000,100.667969,2000000,4000000
2022-Dec-18 08:24:22.486,91282CFX4,100.652344,1000000,2000000,100.660156,1000000,2000000
2022-Dec-18 08:24:22.539,91282CFX4,100.644531,2000000,4000000,100.660156,2000000,4000000
2022-Dec-18 08:24:22.590,91282CFX4,100.644531,1000000,2000000,100.652344,1000000,2000000
2022-Dec-18 08:24:22.640,91282CFX4,100.636719,2000000,4000000,100.652344,2000000,4000000
2022-Dec-18 08:24:22.690,91282CFX4,100.636719,1000000,2000000,100.644531,1000000,2000000
2022-Dec-18 08:24:22.745,91282CFX4,100.628906,2000000,4000000,100.644531,2000000,4000000
2022-Dec-18 08:24:22.797,91282CFX4,100.628906,1000000,2000000,100.636719,1000000,2000000
2022-Dec-18 08:24:22.848,91282CFX4,100.621094,2000000,4000000,100.636719,2000000,4000000
2022-Dec-18 08:24:22.899,91282CFX4,100.621094,1000000,2000000,100.628906,1000000,2000000
2022-Dec-18 08:24:22.952,91282CFX4,100.613281,2000000,4000000,100.628906,2000000,4000000
2022-Dec-18 08:24:23.004,91282CFX4,100.613281,1000000,2000000,100.621094,1000000,2000000
2022-Dec-18 08:24:23.055,91282CFX4,100.605469,2000000,4000000,100.621094,2000000,4000000
2022-Dec-18 08:24:23.110,91282CFX4,100.605469,1000000,2000000,100.613281,1000000,2000000
2022-Dec-18 08:24:23.162,91282CFX4,100.597656,2000000,4000000,100.613281,2000000,4000000
2022-Dec-18 08:24:23.213,91282CFX4,100.597656,1000000,2000000,100.605469,1000000,2000000
2022-Dec-18 08:24:23.263,91282CFX4,100.589844,2000000,4000000,100.605469,2000000,4000000
2022-Dec-18 08:24:23.314,91282CFX4,100.589844,1000000,2000000,100.597656,1000000,2000000
2022-Dec-18 08:24:23.368,91282CFX4,100.582031,2000000,4000000,100.597656,2000000,4000000
2022-Dec-18 08:24:23.419,91282CFX4,100.582031,1000000,2000000,100.589844,1000000,2000000
2022-Dec-18 08:24:23.474,91282CFX4,100.574219,2000000,4000000,100.589844,2000000,4000000
2022-Dec-18 08:24:23.524,91282CFX4,100.574219,1000000,2000000,100.582031,1000000,2000000
2022-Dec-18 08:24:23.574,91282CFX4,100.566406,2000000,4000000,100.582031,2000000,4000000
2022-Dec-18 08:24:23.627,91282CFX4,100.566406,1000000,2000000,100.574219,1000000,2000000
2022-Dec-18 08:24:23.681,91282CFX4,100.558594,2000000,4000000,100.574219,2000000,4000000
2022-Dec-18 08:24:23.734,91282CFX4,100.558594,1000000,2000000,100.566406,1000000,2000000
2022-Dec-18 08:24:23.789,91282CFX4,100.550781,2000000,4000000,100.566406,2000000,4000000
2022-Dec-18 08:24:23.839,91282CFX4,100.550781,1000000,2000000,100.558594,1000000,2000000
2022-Dec-18 08:24:23.894,91282CFX4,100.542969,2000000,4000000,100.558594,2000000,4000000
2022-Dec-18 08:24:23.948,91282CFX4,100.542969,1000000,2000000,100.550781,1000000,2000000
2022-Dec-18 08:24:24.002,91282CFX4,100.535156,2000000,4000000,100.550781,2000000,4000000
2022-Dec-18 08:24:24.056,91282CFX4,100.535156,1000000,2000000,100.542969,1000000,2000000
2022-Dec-18 08:24:24.110,91282CFX4,100.527344,2000000,4000000,100.542969,2000000,4000000
2022-Dec-18 08:24:24.165,91282CFX4,100.527344,1000000,2000000,100.535156,1000000,2000000
2022-Dec-18 08:24:24.216,91282CFX4,100.519531,2000000,4000000,100.535156,2000000,4000000
2022-Dec-18 08:24:24.266,91282CFX4,100.519531,1000000,2000000,100.527344,1000000,2000000
2022-Dec-18 08:24:24.319,91282CFX4,100.511719,2000000,4000000,100.527344,2000000,4000000
2022-Dec-18 08:24:24.370,91282CFX4,100.511719,1000000,2000000,100.519531,1000000,2000000
2022-Dec-18 08:24:24.425,91282CFX4,100.503906,2000000,4000000,100.519531,2000000,4000000
2022-Dec-18 08:24:24.477,91282CFX4,100.503906,1000000,2000000,100.511719,1000000,2000000
2022-Dec-18 08:24:24.529,91282CFX4,100.496094,2000000,4000000,100.511719,2000000,4000000
2022-Dec-18 08:24:24.579,91282CFX4,100.496094,1000000,2000000,100.503906,1000000,2000000
2022-Dec-18 08:24:24.632,91282CFX4,100.488281,2000000,4000000,100.503906,2000000,4000000
2022-Dec-18 08:24:24.683,91282CFX4,100.488281,1000000,2000000,100.496094,1000000,2000000
2022-Dec-18 08:24:24.733,91282CFX4,100.480469,2000000,4000000,100.496094,2000000,4000000
2022-Dec-18 08:24:24.785,91282CFX4,100.480469,1000000,2000000,100.488281,1000000,2000000
2022-Dec-18 08:24:24.837,91282CFX4,100.472656,2000000,4000000,100.488281,2000000,4000000
2022-Dec-18 08:24:24.891,91282CFX4,100.472656,1000000,2000000,100.480469,1000000,2000000
2022-Dec-18 08:24:24.943,91282CFX4,100.464844,2000000,4000000,100.480469,2000000,4000000
2022-Dec-18 08:24:24.997,91282CFX4,100.464844,1000000,2000000,100.472656,1000000,2000000
2022-Dec-18 08:24:25.049,91282CFX4,100.457031,2000000,4000000,100.472656,2000000,4000000
2022-Dec-18 08:24:25.100,91282CFX4,100.457031,1000000,2000000,100.464844,1000000,2000000
2022-Dec-18 08:24:25.151,91282CFX4,100.449219,2000000,4000000,100.464844,2000000,4000000
2022-Dec-18 08:24:25.204,91282CFX4,100.449219,1000000,2000000,100.457031,1000000,2000000
2022-Dec-18 08:24:25.257,91282CFX4,100.441406,2000000,4000000,100.457031,2000000,4000000
2022-Dec-18 08:24:25.310,91282CFX4,100.441406,1000000,2000000,100.449219,1000000,2000000
2022-Dec-18 08:24:25.362,91282CFX4,100.433594,2000000,4000000,100.449219,2000000,4000000
2022-Dec-18 08:24:25.416,91282CFX4,100.433594,1000000,2000000,100.441406,1000000,2000000
2022-Dec-18 08:24:25.466,91282CFX4,100.425781,2000000,4000000,100.441406,2000000,4000000
2022-Dec-18 08:24:25.518,91282CFX4,100.425781,1000000,2000000,100.433594,1000000,2000000
2022-Dec-18 08:24:25.569,91282CFX4,100.417969,2000000,4000000,100.433594,2000000,4000000
2022-Dec-18 08:24:25.620,91282CFX4,100.417969,1000000,2000000,100.425781,1000000,2000000
2022-Dec-18 08:24:25.670,91282CFX4,100.410156,2000000,4000000,100.425781,2000000,4000000
2022-Dec-18 08:24:25.721,91282CFX4,100.410156,1000000,2000000,100.417969,1000000,2000000
2022-Dec-18 08:24:25.772,91282CFX4,100.402344,2000000,4000000,100.417969,2000000,4000000
2022-Dec-18 08:24:25.825,91282CFX4,100.402344,1000000,2000000,100.410156,1000000,2000000
2022-Dec-18 08:24:25.879,91282CFX4,100.394531,2000000,4000000,100.410156,2000000,4000000
2022-Dec-18 08:24:25.933,91282CFX4,100.394531,1000000,2000000,100.402344,1000000,2000000
2022-Dec-18 08:24:25.986,91282CFX4,100.386719,2000000,4000000,100.402344,2000000,4000000
2022-Dec-18 08:24:26.037,91282CFX4,100.386719,1000000,2000000,100.394531,1000000,2000000
2022-Dec-18 08:24:26.090,91282CFX4,100.378906,2000000,4000000,100.394531,2000000,4000000
2022-Dec-18 08:24:26.141,91282CFX4,100.378906,1000000,2000000,100.386719,1000000,2000000
2022-Dec-18 08:24:26.191,91282CFX4,100.371094,2000000,4000000,100.386719,2000000,4000000
2022-Dec-18 08:24:26.242,91282CFX4,100.371094,1000000,2000000,100.378906,1000000,2000000
2022-Dec-18 08:24:26.296,91282CFX4,100.363281,2000000,4000000,100.378906,2000000,4000000
2022-Dec-18 08:24:26.349,91282CFX4,100.363281,1000000,2000000,100.371094,1000000,2000000
2022-Dec-18 08:24:26.399,91282CFX4,100.355469,2000000,4000000,100.371094,2000000,4000000
2022-Dec-18 08:24:26.452,91282CFX4,100.355469,1000000,2000000,100.363281,1000000,2000000
2022-Dec-18 08:24:26.503,91282CFX4,100.347656,2000000,4000000,100.363281,2000000,4000000
2022-Dec-18 08:24:26.557,91282CFX4,100.347656,1000000,2000000,100.355469,1000000,2000000
2022-Dec-18 08:24:26.610,91282CFX4,100.339844,2000000,4000000,100.355469,2000000,4000000
2022-Dec-18 08:24:26.662,91282CFX4,100.339844,1000000,2000000,100.347656,1000000,2000000
2022-Dec-18 08:24:26.716,91282CFX4,100.332031,2000000,4000000,100.347656,2000000,4000000
2022-Dec-18 08:24:26.766,91282CFX4,100.332031,1000000,2000000,100.339844,1000000,2000000
2022-Dec-18 08:24:26.818,91282CFX4,100.324219,2000000,4000000,100.339844,2000000,4000000
2022-Dec-18 08:24:26.870,91282CFX4,100.324219,1000000,2000000,100.332031,1000000,2000000
2022-Dec-18 08:24:26.920,91282CFX4,100.316406,2000000,4000000,100.332031,2000000,4000000
2022-Dec-18 08:24:26.974,91282CFX4,100.316406,1000000,2000000,100.324219,1000000,2000000
2022-Dec-18 08:24:27.025,91282CFX4,100.308594,2000000,4000000,100.324219,2000000,4000000
2022-Dec-18 08:24:27.079,91282CFX4,100.308594,1000000,2000000,100.316406,1000000,2000000
2022-Dec-18 08:24:27.133,91282CFX4,100.300781,2000000,4000000,100.316406,2000000,4000000
2022-Dec-18 08:24:27.184,91282CFX4,100.300781,1000000,2000000,100.308594,1000000,2000000
2022-Dec-18 08:24:27.237,91282CFX4,100.292969,2000000,4000000,100.308594,2000000,4000000
2022-Dec-18 08:24:27.290,91282CFX4,100.292969,1000000,2000000,100.300781,1000000,2000000
2022-Dec-18 08:24:27.343,91282CFX4,100.285156,2000000,4000000,100.300781,2000000,4000000
2022-Dec-18 08:24:27.396,91282CFX4,100.285156,1000000,2000000,100.292969,1000000,2000000
2022-Dec-18 08:24:27.449,91282CFX4,100.277344,2000000,4000000,100.292969,2000000,4000000
2022-Dec-18 08:24:27.502,91282CFX4,100.277344,1000000,2000000,100.285156,1000000,2000000
2022-Dec-18 08:24:27.552,91282CFX4,100.269531,2000000,4000000,100.285156,2000000,4000000
2022-Dec-18 08:24:27.603,91282CFX4,100.269531,1000000,2000000,100.277344,1000000,2000000
2022-Dec-18 08:24:27.657,91282CFX4,100.261719,2000000,4000000,100.277344,2000000,4000000
2022-Dec-18 08:24:27.711,91282CFX4,100.261719,1000000,2000000,100.269531,1000000,2000000
2022-Dec-18 08:24:27.762,91282CFX4,100.253906,2000000,4000000,100.269531,2000000,4000000
2022-Dec-18 08:24:27.815,91282CFX4,100.253906,1000000,2000000,100.261719,1000000,2000000
2022-Dec-18 08:24:27.870,91282CFX4,100.246094,2000000,4000000,100.261719,2000000,4000000
2022-Dec-18 08:24:27.922,91282CFX4,100.246094,1000000,2000000,100.253906,1000000,2000000
2022-Dec-18 08:24:27.974,91282CFX4,100.238281,2000000,4000000,100.253906,2000000,4000000
2022-Dec-18 08:24:28.026,91282CFX4,100.238281,1000000,2000000,100.246094,1000000,2000000
2022-Dec-18 08:24:28.079,91282CFX4,100.230469,2000000,4000000,100.246094,2000000,4000000
2022-Dec-18 08:24:28.132,91282CFX4,100.230469,1000000,2000000,100.238281,1000000,2000000
2022-Dec-18 08:24:28.184,91282CFX4,100.222656,2000000,4000000,100.238281,2000000,4000000
2022-Dec-18 08:24:28.235,91282CFX4,100.222656,1000000,2000000,100.230469,1000000,2000000
2022-Dec-18 08:24:28.288,91282CFX4,100.214844,2000000,4000000,100.230469,2000000,4000000
2022-Dec-18 08:24:28.339,91282CFX4,100.214844,1000000,2000000,100.222656,1000000,2000000
2022-Dec-18 08:24:28.393,91282CFX4,100.207031,2000000,4000000,100.222656,2000000,4000000
2022-Dec-18 08:24:28.446,91282CFX4,100.207031,1000000,2000000,100.214844,1000000,2000000
2022-Dec-18 08:24:28.499,91282CFX4,100.199219,2000000,4000000,100.214844,2000000,4000000
2022-Dec-18 08:24:28.552,91282CFX4,100.199219,1000000,2000000,100.207031,1000000,2000000
2022-Dec-18 08:24:28.602,91282CFX4,100.191406,2000000,4000000,100.207031,2000000,4000000
2022-Dec-18 08:24:28.656,91282CFX4,100.191406,1000000,2000000,100.199219,1000000,2000000
2022-Dec-18 08:24:28.710,91282CFX4,100.183594,2000000,4000000,100.199219,2000000,4000000
2022-Dec-18 08:24:28.762,91282CFX4,100.183594,1000000,2000000,100.191406,1000000,2000000
2022-Dec-18 08:24:28.817,91282CFX4,100.175781,2000000,4000000,100.191406,2000000,4000000
2022-Dec-18 08:24:28.868,91282CFX4,100.175781,1000000,2000000,100.183594,1000000,2000000
2022-Dec-18 08:24:28.919,91282CFX4,100.167969,2000000,4000000,100.183594,2000000,4000000
2022-Dec-18 08:24:28.969,91282CFX4,100.167969,1000000,2000000,100.175781,1000000,2000000
2022-Dec-18 08:24:29.020,91282CFX4,100.160156,2000000,4000000,100.175781,2000000,4000000
2022-Dec-18 08:24:29.070,91282CFX4,100.160156,1000000,2000000,100.167969,1000000,2000000
2022-Dec-18 08:24:29.123,91282CFX4,100.152344,2000000,4000000,100.167969,2000000,4000000
2022-Dec-18 08:24:29.177,91282CFX4,100.152344,1000000,2000000,100.160156,1000000,2000000
2022-Dec-18 08:24:29.232,91282CFX4,100.144531,2000000,4000000,100.160156,2000000,4000000
2022-Dec-18 08:24:29.284,91282CFX4,100.144531,1000000,2000000,100.152344,1000000,2000000
2022-Dec-18 08:24:29.339,91282CFX4,100.136719,2000000,4000000,100.152344,2000000,4000000
2022-Dec-18 08:24:29.393,91282CFX4,100.136719,1000000,2000000,100.144531,1000000,2000000
2022-Dec-18 08:24:29.448,91282CFX4,100.128906,2000000,4000000,100.144531,2000000,4000000
2022-Dec-18 08:24:29.503,91282CFX4,100.128906,1000000,2000000,100.136719,1000000,2000000
2022-Dec-18 08:24:29.556,91282CFX4,100.121094,2000000,4000000,100.136719,2000000,4000000
2022-Dec-18 08:24:29.610,91282CFX4,100.121094,1000000,2000000,100.128906,1000000,2000000
2022-Dec-18 08:24:29.660,91282CFX4,100.113281,2000000,4000000,100.128906,2000000,4000000
2022-Dec-18 08:24:29.712,91282CFX4,100.113281,1000000,2000000,100.121094,1000000,2000000
2022-Dec-18 08:24:29.763,91282CFX4,100.105469,2000000,4000000,100.121094,2000000,4000000
2022-Dec-18 08:24:29.818,91282CFX4,100.105469,1000000,2000000,100.113281,1000000,2000000
2022-Dec-18 08:24:29.869,91282CFX4,100.097656,2000000,4000000,100.113281,2000000,4000000
2022-Dec-18 08:24:29.924,91282CFX4,100.097656,1000000,2000000,100.105469,1000000,2000000
2022-Dec-18 08:24:29.976,91282CFX4,100.089844,2000000,4000000,100.105469,2000000,4000000
2022-Dec-18 08:24:30.029,91282CFX4,100.089844,1000000,2000000,100.097656,1000000,2000000
2022-Dec-18 08:24:30.084,91282CFX4,100.082031,2000000,4000000,100.097656,2000000,4000000
2022-Dec-18 08:24:30.134,91282CFX4,100.082031,1000000,2000000,100.089844,1000000,2000000
2022-Dec-18 08:24:30.189,91282CFX4,100.074219,2000000,4000000,100.089844,2000000,4000000
2022-Dec-18 08:24:30.244,91282CFX4,100.074219,1000000,2000000,100.082031,1000000,2000000
2022-Dec-18 08:24:30.297,91282CFX4,100.066406,2000000,4000000,100.082031,2000000,4000000
2022-Dec-18 08:24:30.352,91282CFX4,100.066406,1000000,2000000,100.074219,1000000,2000000
2022-Dec-18 08:24:30.402,91282CFX4,100.058594,2000000,4000000,100.074219,2000000,4000000
2022-Dec-18 08:24:30.452,91282CFX4,100.058594,1000000,2000000,100.066406,1000000,2000000
2022-Dec-18 08:24:30.502,91282CFX4,100.050781,2000000,4000000,100.066406,2000000,4000000
2022-Dec-18 08:24:30.552,91282CFX4,100.050781,1000000,2000000,100.058594,1000000,2000000
2022-Dec-18 08:24:30.603,91282CFX4,100.042969,2000000,4000000,100.058594,2000000,4000000
2022-Dec-18 08:24:30.657,91282CFX4,100.042969,1000000,2000000,100.050781,1000000,2000000
2022-Dec-18 08:24:30.707,91282CFX4,100.035156,2000000,4000000,100.050781,2000000,4000000
2022-Dec-18 08:24:30.762,91282CFX4,100.035156,1000000,2000000,100.042969,1000000,2000000
2022-Dec-18 08:24:30.812,91282CFX4,100.027344,2000000,4000000,100.042969,2000000,4000000
2022-Dec-18 08:24:30.863,91282CFX4,100.027344,1000000,2000000,100.035156,1000000,2000000
2022-Dec-18 08:24:30.915,91282CFX4,100.019531,2000000,4000000,100.035156,2000000,4000000
2022-Dec-18 08:24:30.967,91282CFX4,100.019531,1000000,2000000,100.027344,1000000,2000000
2022-Dec-18 08:24:31.018,91282CFX4,100.011719,2000000,4000000,100.027344,2000000,4000000
2022-Dec-18 08:24:31.069,91282CFX4,100.011719,1000000,2000000,100.019531,1000000,2000000
2022-Dec-18 08:24:31.119,91282CFX4,100.003906,2000000,4000000,100.019531,2000000,4000000
2022-Dec-18 08:24:31.170,91282CFX4,100.003906,1000000,2000000,100.011719,1000000,2000000
2022-Dec-18 08:24:31.224,91282CFX4,99.996094,2000000,4000000,100.011719,2000000,4000000
2022-Dec-18 08:24:31.276,91282CFX4,99.996094,1000000,2000000,100.003906,1000000,2000000
2022-Dec-18 08:24:31.328,91282CFX4,99.988281,2000000,4000000,100.003906,2000000,4000000
2022-Dec-18 08:24:31.380,91282CFX4,99.988281,1000000,2000000,99.996094,1000000,2000000
2022-Dec-18 08:24:31.434,91282CFX4,99.980469,2000000,4000000,99.996094,2000000,4000000
2022-Dec-18 08:24:31.488,91282CFX4,99.980469,1000000,2000000,99.988281,1000000,2000000
2022-Dec-18 08:24:31.543,91282CFX4,99.972656,2000000,4000000,99.988281,2000000,4000000
2022-Dec-18 08:24:31.597,91282CFX4,99.972656,1000000,2000000,99.980469,1000000,2000000
2022-Dec-18 08:24:31.649,91282CFX4,99.964844,2000000,4000000,99.980469,2000000,4000000
2022-Dec-18 08:24:31.702,91282CFX4,99.964844,1000000,2000000,99.972656,1000000,2000000
2022-Dec-18 08:24:31.753,91282CFX4,99.957031,2000000,4000000,99.972656,2000000,4000000
2022-Dec-18 08:24:31.807,91282CFX4,99.957031,1000000,2000000,99.964844,1000000,2000000
2022-Dec-18 08:24:31.859,91282CFX4,99.949219,2000000,4000000,99.964844,2000000,4000000
2022-Dec-18 08:24:31.913,91282CFX4,99.949219,1000000,2000000,99.957031,1000000,2000000
2022-Dec-18 08:24:31.963,91282CFX4,99.941406,2000000,4000000,99.957031,2000000,4000000
2022-Dec-18 08:24:32.014,91282CFX4,99.941406,1000000,2000000,99.949219,1000000,2000000
2022-Dec-18 08:24:32.064,91282CFX4,99.933594,2000000,4000000,99.949219,2000000,4000000
2022-Dec-18 08:24:32.116,91282CFX4,99.933594,1000000,2000000,99.941406,1000000,2000000
2022-Dec-18 08:24:32.168,91282CFX4,99.925781,2000000,4000000,99.941406,2000000,4000000
2022-Dec-18 08:24:32.219,91282CFX4,99.925781,1000000,2000000,99.933594,1000000,2000000
2022-Dec-18 08:24:32.279,91282CFX4,99.917969,2000000,4000000,99.933594,2000000,4000000
2022-Dec-18 08:24:32.325,91282CFX4,99.917969,1000000,2000000,99.925781,1000000,2000000
2022-Dec-18 08:24:32.379,91282CFX4,99.910156,2000000,4000000,99.925781,2000000,4000000
2022-Dec-18 08:24:32.434,91282CFX4,99.910156,1000000,2000000,99.917969,1000000,2000000
2022-Dec-18 08:24:32.484,91282CFX4,99.902344,2000000,4000000,99.917969,2000000,4000000
2022-Dec-18 08:24:32.537,91282CFX4,99.902344,1000000,2000000,99.910156,1000000,2000000
2022-Dec-18 08:24:32.589,91282CFX4,99.894531,2000000,4000000,99.910156,2000000,4000000
2022-Dec-18 08:24:32.642,91282CFX4,99.894531,1000000,2000000,99.902344,1000000,2000000
2022-Dec-18 08:24:32.695,91282CFX4,99.886719,2000000,4000000,99.902344,2000000,4000000
2022-Dec-18 08:24:32.751,91282CFX4,99.886719,1000000,2000000,99.894531,1000000,2000000
2022-Dec-18 08:24:32.801,91282CFX4,99.878906,2000000,4000000,99.894531,2000000,4000000
2022-Dec-18 08:24:32.851,91282CFX4,99.878906,1000000,2000000,99.886719,1000000,2000000
2022-Dec-18 08:24:32.902,91282CFX4,99.871094,2000000,4000000,99.886719,2000000,4000000
2022-Dec-18 08:24:32.953,91282CFX4,99.871094,1000000,2000000,99.878906,1000000,2000000
2022-Dec-18 08:24:33.007,91282CFX4,99.863281,2000000,4000000,99.878906,2000000,4000000
2022-Dec-18 08:24:33.059,91282CFX4,99.863281,1000000,2000000,99.871094,1000000,2000000
2022-Dec-18 08:24:33.112,91282CFX4,99.855469,2000000,4000000,99.871094,2000000,4000000
2022-Dec-18 08:24:33.167,91282CFX4,99.855469,1000000,2000000,99.863281,1000000,2000000
2022-Dec-18 08:24:33.219,91282CFX4,99.847656,2000000,4000000,99.863281,2000000,4000000
2022-Dec-18 08:24:33.269,91282CFX4,99.847656,1000000,2000000,99.855469,1000000,2000000
2022-Dec-18 08:24:33.321,91282CFX4,99.839844,2000000,4000000,99.855469,2000000,4000000
2022-Dec-18 08:24:33.376,91282CFX4,99.839844,1000000,2000000,99.847656,1000000,2000000
2022-Dec-18 08:24:33.429,91282CFX4,99.832031,2000000,4000000,99.847656,2000000,4000000
2022-Dec-18 08:24:33.484,91282CFX4,99.832031,1000000,2000000,99.839844,1000000,2000000
2022-Dec-18 08:24:33.534,91282CFX4,99.824219,2000000,4000000,99.839844,2000000,4000000
2022-Dec-18 08:24:33.587,91282CFX4,99.824219,1000000,2000000,99.832031,1000000,2000000
2022-Dec-18 08:24:33.641,91282CFX4,99.816406,2000000,4000000,99.832031,2000000,4000000
2022-Dec-18 08:24:33.693,91282CFX4,99.816406,1000000,2000000,99.824219,1000000,2000000
2022-Dec-18 08:24:33.745,91282CFX4,99.808594,2000000,4000000,99.824219,2000000,4000000
2022-Dec-18 08:24:33.798,91282CFX4,99.808594,1000000,2000000,99.816406,1000000,2000000
2022-Dec-18 08:24:33.850,91282CFX4,99.800781,2000000,4000000,99.816406,2000000,4000000
2022-Dec-18 08:24:33.902,91282CFX4,99.800781,1000000,2000000,99.808594,1000000,2000000
2022-Dec-18 08:24:33.955,91282CFX4,99.792969,2000000,4000000,99.808594,2000000,4000000
2022-Dec-18 08:24:34.009,91282CFX4,99.792969,1000000,2000000,99.800781,1000000,2000000
2022-Dec-18 08:24:34.062,91282CFX4,99.785156,2000000,4000000,99.800781,2000000,4000000
2022-Dec-18 08:24:34.117,91282CFX4,99.785156,1000000,2000000,99.792969,1000000,2000000
2022-Dec-18 08:24:34.169,91282CFX4,99.777344,2000000,4000000,99.792969,2000000,4000000
2022-Dec-18 08:24:34.224,91282CFX4,99.777344,1000000,2000000,99.785156,1000000,2000000
2022-Dec-18 08:24:34.279,91282CFX4,99.769531,2000000,4000000,99.785156,2000000,4000000
2022-Dec-18 08:24:34.333,91282CFX4,99.769531,1000000,2000000,99.777344,1000000,2000000
2022-Dec-18 08:24:34.384,91282CFX4,99.761719,2000000,4000000,99.777344,2000000,4000000
2022-Dec-18 08:24:34.435,91282CFX4,99.761719,1000000,2000000,99.769531,1000000,2000000
2022-Dec-18 08:24:34.486,91282CFX4,99.753906,2000000,4000000,99.769531,2000000,4000000
2022-Dec-18 08:24:34.536,91282CFX4,99.753906,1000000,2000000,99.761719,1000000,2000000
2022-Dec-18 08:24:34.588,91282CFX4,99.746094,2000000,4000000,99.761719,2000000,4000000
2022-Dec-18 08:24:34.640,91282CFX4,99.746094,1000000,2000000,99.753906,1000000,2000000
2022-Dec-18 08:24:34.691,91282CFX4,99.738281,2000000,4000000,99.753906,2000000,4000000
2022-Dec-18 08:24:34.741,91282CFX4,99.738281,1000000,2000000,99.746094,1000000,2000000
2022-Dec-18 08:24:34.795,91282CFX4,99.730469,2000000,4000000,99.746094,2000000,4000000
2022-Dec-18 08:24:34.850,91282CFX4,99.730469,1000000,2000000,99.738281,1000000,2000000
2022-Dec-18 08:24:34.904,91282CFX4,99.722656,2000000,4000000,99.738281,2000000,4000000
2022-Dec-18 08:24:34.955,91282CFX4,99.722656,1000000,2000000,99.730469,1000000,2000000
2022-Dec-18 08:24:35.008,91282CFX4,99.714844,2000000,4000000,99.730469,2000000,4000000
2022-Dec-18 08:24:35.063,91282CFX4,99.714844,1000000,2000000,99.722656,1000000,2000000
2022-Dec-18 08:24:35.116,91282CFX4,99.707031,2000000,4000000,99.722656,2000000,4000000
2022-Dec-18 08:24:35.170,91282CFX4,99.707031,1000000,2000000,99.714844,1000000,2000000
2022-Dec-18 08:24:35.224,91282CFX4,99.699219,2000000,4000000,99.714844,2000000,4000000
2022-Dec-18 08:24:35.276,91282CFX4,99.699219,1000000,2000000,99.707031,1000000,2000000
2022-Dec-18 08:24:35.329,91282CFX4,99.691406,2000000,4000000,99.707031,2000000,4000000
2022-Dec-18 08:24:35.382,91282CFX4,99.691406,1000000,2000000,99.699219,1000000,2000000
2022-Dec-18 08:24:35.434,91282CFX4,99.683594,2000000,4000000,99.699219,2000000,4000000
2022-Dec-18 08:24:35.484,91282CFX4,99.683594,1000000,2000000,99.691406,1000000,2000000
2022-Dec-18 08:24:35.538,91282CFX4,99.675781,2000000,4000000,99.691406,2000000,4000000
2022-Dec-18 08:24:35.588,91282CFX4,99.675781,1000000,2000000,99.683594,1000000,2000000
2022-Dec-18 08:24:35.638,91282CFX4,99.667969,2000000,4000000,99.683594,2000000,4000000
2022-Dec-18 08:24:35.690,91282CFX4,99.667969,1000000,2000000,99.675781,1000000,2000000
2022-Dec-18 08:24:35.740,91282CFX4,99.660156,2000000,4000000,99.675781,2000000,4000000
2022-Dec-18 08:24:35.793,91282CFX4,99.660156,1000000,2000000,99.667969,1000000,2000000
2022-Dec-18 08:24:35.844,91282CFX4,99.652344,2000000,4000000,99.667969,2000000,4000000
2022-Dec-18 08:24:35.896,91282CFX4,99.652344,1000000,2000000,99.660156,1000000,2000000
2022-Dec-18 08:24:35.951,91282CFX4,99.644531,2000000,4000000,99.660156,2000000,4000000
2022-Dec-18 08:24:36.004,91282CFX4,99.644531,1000000,2000000,99.652344,1000000,2000000
2022-Dec-18 08:24:36.059,91282CFX4,99.636719,2000000,4000000,99.652344,2000000,4000000
2022-Dec-18 08:24:36.113,91282CFX4,99.636719,1000000,2000000,99.644531,1000000,2000000
2022-Dec-18 08:24:36.167,91282CFX4,99.628906,2000000,4000000,99.644531,2000000,4000000
2022-Dec-18 08:24:36.218,91282CFX4,99.628906,1000000,2000000,99.636719,1000000,2000000
2022-Dec-18 08:24:36.269,91282CFX4,99.621094,2000000,4000000,99.636719,2000000,4000000
2022-Dec-18 08:24:36.319,91282CFX4,99.621094,1000000,2000000,99.628906,1000000,2000000
2022-Dec-18 08:24:36.370,91282CFX4,99.613281,2000000,4000000,99.628906,2000000,4000000
2022-Dec-18 08:24:36.426,91282CFX4,99.613281,1000000,2000000,99.621094,1000000,2000000
2022-Dec-18 08:24:36.479,91282CFX4,99.605469,2000000,4000000,99.621094,2000000,4000000
2022-Dec-18 08:24:36.534,91282CFX4,99.605469,1000000,2000000,99.613281,1000000,2000000
2022-Dec-18 08:24:36.586,91282CFX4,99.597656,2000000,4000000,99.613281,2000000,4000000
2022-Dec-18 08:24:36.639,91282CFX4,99.597656,1000000,2000000,99.605469,1000000,2000000
2022-Dec-18 08:24:36.690,91282CFX4,99.589844,2000000,4000000,99.605469,2000000,4000000
2022-Dec-18 08:24:36.744,91282CFX4,99.589844,1000000,2000000,99.597656,1000000,2000000
2022-Dec-18 08:24:36.796,91282CFX4,99.582031,2000000,4000000,99.597656,2000000,4000000
2022-Dec-18 08:24:36.850,91282CFX4,99.582031,1000000,2000000,99.589844,1000000,2000000
2022-Dec-18 08:24:36.900,91282CFX4,99.574219,2000000,4000000,99.589844,2000000,4000000
2022-Dec-18 08:24:36.952,91282CFX4,99.574219,1000000,2000000,99.582031,1000000,2000000
2022-Dec-18 08:24:37.005,91282CFX4,99.566406,2000000,4000000,99.582031,2000000,4000000
2022-Dec-18 08:24:37.058,91282CFX4,99.566406,1000000,2000000,99.574219,1000000,2000000
2022-Dec-18 08:24:37.113,91282CFX4,99.558594,2000000,4000000,99.574219,2000000,4000000
2022-Dec-18 08:24:37.167,91282CFX4,99.558594,1000000,2000000,99.566406,1000000,2000000
2022-Dec-18 08:24:37.220,91282CFX4,99.550781,2000000,4000000,99.566406,2000000,4000000
2022-Dec-18 08:24:37.274,91282CFX4,99.550781,1000000,2000000,99.558594,1000000,2000000
2022-Dec-18 08:24:37.325,91282CFX4,99.542969,2000000,4000000,99.558594,2000000,4000000
2022-Dec-18 08:24:37.380,91282CFX4,99.542969,1000000,2000000,99.550781,1000000,2000000
2022-Dec-18 08:24:37.434,91282CFX4,99.535156,2000000,4000000,99.550781,2000000,4000000
2022-Dec-18 08:24:37.484,91282CFX4,99.535156,1000000,2000000,99.542969,1000000,2000000
2022-Dec-18 08:24:37.536,91282CFX4,99.527344,2000000,4000000,99.542969,2000000,4000000
2022-Dec-18 08:24:37.586,91282CFX4,99.527344,1000000,2000000,99.535156,1000000,2000000
2022-Dec-18 08:24:37.640,91282CFX4,99.519531,2000000,4000000,99.535156,2000000,4000000
2022-Dec-18 08:24:37.694,91282CFX4,99.519531,1000000,2000000,99.527344,1000000,2000000
2022-Dec-18 08:24:37.749,91282CFX4,99.511719,2000000,4000000,99.527344,2000000,4000000
2022-Dec-18 08:24:37.803,91282CFX4,99.511719,1000000,2000000,99.519531,1000000,2000000
2022-Dec-18 08:24:37.853,91282CFX4,99.503906,2000000,4000000,99.519531,2000000,4000000
2022-Dec-18 08:24:37.904,91282CFX4,99.503906,1000000,2000000,99.511719,1000000,2000000
2022-Dec-18 08:24:37.958,91282CFX4,99.496094,2000000,4000000,99.511719,2000000,4000000
2022-Dec-18 08:24:38.012,91282CFX4,99.496094,1000000,2000000,99.503906,1000000,2000000
2022-Dec-18 08:24:38.065,91282CFX4,99.488281,2000000,4000000,99.503906,2000000,4000000
2022-Dec-18 08:24:38.120,91282CFX4,99.488281,1000000,2000000,99.496094,1000000,2000000
2022-Dec-18 08:24:38.172,91282CFX4,99.480469,2000000,4000000,99.496094,2000000,4000000
2022-Dec-18 08:24:38.226,91282CFX4,99.480469,1000000,2000000,99.488281,1000000,2000000
2022-Dec-18 08:24:38.280,91282CFX4,99.472656,2000000,4000000,99.488281,2000000,4000000
2022-Dec-18 08:24:38.333,91282CFX4,99.472656,1000000,2000000,99.480469,1000000,2000000
2022-Dec-18 08:24:38.386,91282CFX4,99.464844,2000000,4000000,99.480469,2000000,4000000
2022-Dec-18 08:24:38.441,91282CFX4,99.464844,1000000,2000000,99.472656,1000000,2000000
2022-Dec-18 08:24:38.495,91282CFX4,99.457031,2000000,4000000,99.472656,2000000,4000000
2022-Dec-18 08:24:38.550,91282CFX4,99.457031,1000000,2000000,99.464844,1000000,2000000
2022-Dec-18 08:24:38.603,91282CFX4,99.449219,2000000,4000000,99.464844,2000000,4000000
2022-Dec-18 08:24:38.656,91282CFX4,99.449219,1000000,2000000,99.457031,1000000,2000000
2022-Dec-18 08:24:38.709,91282CFX4,99.441406,2000000,4000000,99.457031,2000000,4000000
2022-Dec-18 08:24:38.763,91282CFX4,99.441406,1000000,2000000,99.449219,1000000,2000000
2022-Dec-18 08:24:38.816,91282CFX4,99.433594,2000000,4000000,99.449219,2000000,4000000
2022-Dec-18 08:24:38.869,91282CFX4,99.433594,1000000,2000000,99.441406,1000000,2000000
2022-Dec-18 08:24:38.919,91282CFX4,99.425781,2000000,4000000,99.441406,2000000,4000000
2022-Dec-18 08:24:38.974,91282CFX4,99.425781,1000000,2000000,99.433594,1000000,2000000
2022-Dec-18 08:24:39.025,91282CFX4,99.417969,2000000,4000000,99.433594,2000000,4000000
2022-Dec-18 08:24:39.079,91282CFX4,99.417969,1000000,2000000,99.425781,1000000,2000000
2022-Dec-18 08:24:39.133,91282CFX4,99.410156,2000000,4000000,99.425781,2000000,4000000
2022-Dec-18 08:24:39.186,91282CFX4,99.410156,1000000,2000000,99.417969,1000000,2000000
2022-Dec-18 08:24:39.238,91282CFX4,99.402344,2000000,4000000,99.417969,2000000,4000000
2022-Dec-18 08:24:39.292,91282CFX4,99.402344,1000000,2000000,99.410156,1000000,2000000
2022-Dec-18 08:24:39.345,91282CFX4,99.394531,2000000,4000000,99.410156,2000000,4000000
2022-Dec-18 08:24:39.398,91282CFX4,99.394531,1000000,2000000,99.402344,1000000,2000000
2022-Dec-18 08:24:39.450,91282CFX4,99.386719,2000000,4000000,99.402344,2000000,4000000
2022-Dec-18 08:24:39.501,91282CFX4,99.386719,1000000,2000000,99.394531,1000000,2000000
2022-Dec-18 08:24:39.556,91282CFX4,99.378906,2000000,4000000,99.394531,2000000,4000000
2022-Dec-18 08:24:39.606,91282CFX4,99.378906,1000000,2000000,99.386719,1000000,2000000
2022-Dec-18 08:24:39.658,91282CFX4,99.371094,2000000,4000000,99.386719,2000000,4000000
2022-Dec-18 08:24:39.713,91282CFX4,99.371094,1000000,2000000,99.378906,1000000,2000000
2022-Dec-18 08:24:39.766,91282CFX4,99.363281,2000000,4000000,99.378906,2000000,4000000
2022-Dec-18 08:24:39.819,91282CFX4,99.363281,1000000,2000000,99.371094,1000000,2000000
2022-Dec-18 08:24:39.869,91282CFX4,99.355469,2000000,4000000,99.371094,2000000,4000000
2022-Dec-18 08:24:39.922,91282CFX4,99.355469,1000000,2000000,99.363281,1000000,2000000
2022-Dec-18 08:24:39.977,91282CFX4,99.347656,2000000,4000000,99.363281,2000000,4000000
2022-Dec-18 08:24:40.027,91282CFX4,99.347656,1000000,2000000,99.355469,1000000,2000000
2022-Dec-18 08:24:40.079,91282CFX4,99.339844,2000000,4000000,99.355469,2000000,4000000
2022-Dec-18 08:24:40.132,91282CFX4,99.339844,1000000,2000000,99.347656,1000000,2000000
2022-Dec-18 08:24:40.186,91282CFX4,99.332031,2000000,4000000,99.347656,2000000,4000000
2022-Dec-18 08:24:40.241,91282CFX4,99.332031,1000000,2000000,99.339844,1000000,2000000
2022-Dec-18 08:24:40.296,91282CFX4,99.324219,2000000,4000000,99.339844,2000000,4000000
2022-Dec-18 08:24:40.351,91282CFX4,99.324219,1000000,2000000,99.332031,1000000,2000000
2022-Dec-18 08:24:40.403,91282CFX4,99.316406,2000000,4000000,99.332031,2000000,4000000
2022-Dec-18 08:24:40.453,91282CFX4,99.316406,1000000,2000000,99.324219,1000000,2000000
2022-Dec-18 08:24:40.507,91282CFX4,99.308594,2000000,4000000,99.324219,2000000,4000000
2022-Dec-18 08:24:40.558,91282CFX4,99.308594,1000000,2000000,99.316406,1000000,2000000
2022-Dec-18 08:24:40.613,91282CFX4,99.300781,2000000,4000000,99.316406,2000000,4000000
2022-Dec-18 08:24:40.667,91282CFX4,99.300781,1000000,2000000,99.308594,1000000,2000000
2022-Dec-18 08:24:40.719,91282CFX4,99.292969,2000000,4000000,99.308594,2000000,4000000
2022-Dec-18 08:24:40.770,91282CFX4,99.292969,1000000,2000000,99.300781,1000000,2000000
2022-Dec-18 08:24:40.824,91282CFX4,99.285156,2000000,4000000,99.300781,2000000,4000000
2022-Dec-18 08:24:40.874,91282CFX4,99.285156,1000000,2000000,99.292969,1000000,2000000
2022-Dec-18 08:24:40.929,91282CFX4,99.277344,2000000,4000000,99.292969,2000000,4000000
2022-Dec-18 08:24:40.982,91282CFX4,99.277344,1000000,2000000,99.285156,1000000,2000000
2022-Dec-18 08:24:41.036,91282CFX4,99.269531,2000000,4000000,99.285156,2000000,4000000
2022-Dec-18 08:24:41.086,91282CFX4,99.269531,1000000,2000000,99.277344,1000000,2000000
2022-Dec-18 08:24:41.141,91282CFX4,99.261719,2000000,4000000,99.277344,2000000,4000000
2022-Dec-18 08:24:41.195,91282CFX4,99.261719,1000000,2000000,99.269531,1000000,2000000
2022-Dec-18 08:24:41.246,91282CFX4,99.253906,2000000,4000000,99.269531,2000000,4000000
2022-Dec-18 08:24:41.297,91282CFX4,99.253906,1000000,2000000,99.261719,1000000,2000000
2022-Dec-18 08:24:41.352,91282CFX4,99.246094,2000000,4000000,99.261719,2000000,4000000
2022-Dec-18 08:24:41.403,91282CFX4,99.246094,1000000,2000000,99.253906,1000000,2000000
2022-Dec-18 08:24:41.455,91282CFX4,99.238281,2000000,4000000,99.253906,2000000,4000000
2022-Dec-18 08:24:41.508,91282CFX4,99.238281,1000000,2000000,99.246094,1000000,2000000
2022-Dec-18 08:24:41.563,91282CFX4,99.230469,2000000,4000000,99.246094,2000000,4000000
2022-Dec-18 08:24:41.616,91282CFX4,99.230469,1000000,2000000,99.238281,1000000,2000000
2022-Dec-18 08:24:41.669,91282CFX4,99.222656,2000000,4000000,99.238281,2000000,4000000
2022-Dec-18 08:24:41.725,91282CFX4,99.222656,1000000,2000000,99.230469,1000000,2000000
2022-Dec-18 08:24:41.780,91282CFX4,99.214844,2000000,4000000,99.230469,2000000,4000000
2022-Dec-18 08:24:41.834,91282CFX4,99.214844,1000000,2000000,99.222656,1000000,2000000
2022-Dec-18 08:24:41.885,91282CFX4,99.207031,2000000,4000000,99.222656,2000000,4000000
2022-Dec-18 08:24:41.936,91282CFX4,99.207031,1000000,2000000,99.214844,1000000,2000000
2022-Dec-18 08:24:41.987,91282CFX4,99.199219,2000000,4000000,99.214844,2000000,4000000
2022-Dec-18 08:24:42.038,91282CFX4,99.199219,1000000,2000000,99.207031,1000000,2000000
2022-Dec-18 08:24:42.091,91282CFX4,99.191406,2000000,4000000,99.207031,2000000,4000000
2022-Dec-18 08:24:42.146,91282CFX4,99.191406,1000000,2000000,99.199219,1000000,2000000
2022-Dec-18 08:24:42.198,91282CFX4,99.183594,2000000,4000000,99.199219,2000000,4000000
2022-Dec-18 08:24:42.249,91282CFX4,99.183594,1000000,2000000,99.191406,1000000,2000000
2022-Dec-18 08:24:42.303,91282CFX4,99.175781,2000000,4000000,99.191406,2000000,4000000
2022-Dec-18 08:24:42.353,91282CFX4,99.175781,1000000,2000000,99.183594,1000000,2000000
2022-Dec-18 08:24:42.403,91282CFX4,99.167969,2000000,4000000,99.183594,2000000,4000000
2022-Dec-18 08:24:42.453,91282CFX4,99.167969,1000000,2000000,99.175781,1000000,2000000
2022-Dec-18 08:24:42.508,91282CFX4,99.160156,2000000,4000000,99.175781,2000000,4000000
2022-Dec-18 08:24:42.558,91282CFX4,99.160156,1000000,2000000,99.167969,1000000,2000000
2022-Dec-18 08:24:42.612,91282CFX4,99.152344,2000000,4000000,99.167969,2000000,4000000
2022-Dec-18 08:24:42.666,91282CFX4,99.152344,1000000,2000000,99.160156,1000000,2000000
2022-Dec-18 08:24:42.721,91282CFX4,99.144531,2000000,4000000,99.160156,2000000,4000000
2022-Dec-18 08:24:42.774,91282CFX4,99.144531,1000000,2000000,99.152344,1000000,2000000
2022-Dec-18 08:24:42.825,91282CFX4,99.136719,2000000,4000000,99.152344,2000000,4000000
2022-Dec-18 08:24:42.879,91282CFX4,99.136719,1000000,2000000,99.144531,1000000,2000000
2022-Dec-18 08:24:42.931,91282CFX4,99.128906,2000000,4000000,99.144531,2000000,4000000
2022-Dec-18 08:24:42.982,91282CFX4,99.128906,1000000,2000000,99.136719,1000000,2000000
2022-Dec-18 08:24:43.035,91282CFX4,99.121094,2000000,4000000,99.136719,2000000,4000000
2022-Dec-18 08:24:43.088,91282CFX4,99.121094,1000000,2000000,99.128906,1000000,2000000
2022-Dec-18 08:24:43.138,91282CFX4,99.113281,2000000,4000000,99.128906,2000000,4000000
2022-Dec-18 08:24:43.192,91282CFX4,99.113281,1000000,2000000,99.121094,1000000,2000000
2022-Dec-18 08:24:43.242,91282CFX4,99.105469,2000000,4000000,99.121094,2000000,4000000
2022-Dec-18 08:24:43.296,91282CFX4,99.105469,1000000,2000000,99.113281,1000000,2000000
2022-Dec-18 08:24:43.349,91282CFX4,99.097656,2000000,4000000,99.113281,2000000,4000000
2022-Dec-18 08:24:43.399,91282CFX4,99.097656,1000000,2000000,99.105469,1000000,2000000
2022-Dec-18 08:24:43.450,91282CFX4,99.089844,2000000,4000000,99.105469,2000000,4000000
2022-Dec-18 08:24:43.504,91282CFW6,99.089844,1000000,2000000,99.097656,1000000,2000000
2022-Dec-18 08:24:43.558,91282CFW6,99.082031,2000000,4000000,99.097656,2000000,4000000
2022-Dec-18 08:24:43.612,91282CFW6,99.082031,1000000,2000000,99.089844,1000000,2000000
2022-Dec-18 08:24:43.663,91282CFW6,99.074219,2000000,4000000,99.089844,2000000,4000000
2022-Dec-18 08:24:43.716,91282CFW6,99.074219,1000000,2000000,99.082031,1000000,2000000
2022-Dec-18 08:24:43.770,91282CFW6,99.066406,2000000,4000000,99.082031,2000000,4000000
2022-Dec-18 08:24:43.821,91282CFW6,99.066406,1000000,2000000,99.074219,1000000,2000000
2022-Dec-18 08:24:43.874,91282CFW6,99.058594,2000000,4000000,99.074219,2000000,4000000
2022-Dec-18 08:24:43.929,91282CFW6,99.058594,1000000,2000000,99.066406,1000000,2000000
2022-Dec-18 08:24:43.980,91282CFW6,99.050781,2000000,4000000,99.066406,2000000,4000000
2022-Dec-18 08:24:44.034,91282CFW6,99.050781,1000000,2000000,99.058594,1000000,2000000
2022-Dec-18 08:24:44.088,91282CFW6,99.042969,2000000,4000000,99.058594,2000000,4000000
2022-Dec-18 08:24:44.138,91282CFW6,99.042969,1000000,2000000,99.050781,1000000,2000000
2022-Dec-18 08:24:44.192,91282CFW6,99.035156,2000000,4000000,99.050781,2000000,4000000
2022-Dec-18 08:24:44.246,91282CFW6,99.035156,1000000,2000000,99.042969,1000000,2000000
2022-Dec-18 08:24:44.299,91282CFW6,99.027344,2000000,4000000,99.042969,2000000,4000000
2022-Dec-18 08:24:44.354,91282CFW6,99.027344,1000000,2000000,99.035156,1000000,2000000
2022-Dec-18 08:24:44.405,91282CFW6,99.019531,2000000,4000000,99.035156,2000000,4000000
2022-Dec-18 08:24:44.458,91282CFW6,99.019531,1000000,2000000,99.027344,1000000,2000000
2022-Dec-18 08:24:44.512,91282CFW6,99.011719,2000000,4000000,99.027344,2000000,4000000
2022-Dec-18 08:24:44.566,91282CFW6,99.011719,1000000,2000000,99.019531,1000000,2000000
2022-Dec-18 08:24:44.621,91282CFW6,99.003906,2000000,4000000,99.019531,2000000,4000000
2022-Dec-18 08:24:44.673,91282CFW6,99.003906,1000000,2000000,99.011719,1000000,2000000
2022-Dec-18 08:24:44.725,91282CFW6,98.996094,2000000,4000000,99.011719,2000000,4000000
2022-Dec-18 08:24:44.780,91282CFW6,98.996094,1000000,2000000,99.003906,1000000,2000000
2022-Dec-18 08:24:44.834,91282CFW6,98.996094,2000000,4000000,99.011719,2000000,4000000
2022-Dec-18 08:24:44.888,91282CFW6,99.003906,1000000,2000000,99.011719,1000000,2000000
2022-Dec-18 08:24:44.940,91282CFW6,99.003906,2000000,4000000,99.019531,2000000,4000000
2022-Dec-18 08:24:44.992,91282CFW6,99.011719,1000000,2000000,99.019531,1000000,2000000
2022-Dec-18 08:24:45.045,91282CFW6,99.011719,2000000,4000000,99.027344,2000000,4000000
2022-Dec-18 08:24:45.099,91282CFW6,99.019531,1000000,2000000,99.027344,1000000,2000000
2022-Dec-18 08:24:45.155,91282CFW6,99.019531,2000000,4000000,99.035156,2000000,4000000
2022-Dec-18 08:24:45.207,91282CFW6,99.027344,1000000,2000000,99.035156,1000000,2000000
2022-Dec-18 08:24:45.258,91282CFW6,99.027344,2000000,4000000,99.042969,2000000,4000000
2022-Dec-18 08:24:45.308,91282CFW6,99.035156,1000000,2000000,99.042969,1000000,2000000
2022-Dec-18 08:24:45.363,91282CFW6,99.035156,2000000,4000000,99.050781,2000000,4000000
2022-Dec-18 08:24:45.413,91282CFW6,99.042969,1000000,2000000,99.050781,1000000,2000000
2022-Dec-18 08:24:45.463,91282CFW6,99.042969,2000000,4000000,99.058594,2000000,4000000
2022-Dec-18 08:24:45.515,91282CFW6,99.050781,1000000,2000000,99.058594,1000000,2000000
2022-Dec-18 08:24:45.567,91282CFW6,99.050781,2000000,4000000,99.066406,2000000,4000000
2022-Dec-18 08:24:45.622,91282CFW6,99.058594,1000000,2000000,99.066406,1000000,2000000
2022-Dec-18 08:24:45.673,91282CFW6,99.058594,2000000,4000000,99.074219,2000000,4000000
2022-Dec-18 08:24:45.726,91282CFW6,99.066406,1000000,2000000,99.074219,1000000,2000000
2022-Dec-18 08:24:45.780,91282CFW6,99.066406,2000000,4000000,99.082031,2000000,4000000
2022-Dec-18 08:24:45.833,91282CFW6,99.074219,1000000,2000000,99.082031,1000000,2000000
2022-Dec-18 08:24:45.888,91282CFW6,99.074219,2000000,4000000,99.089844,2000000,4000000
2022-Dec-18 08:24:45.938,91282CFW6,99.082031,1000000,2000000,99.089844,1000000,2000000
2022-Dec-18 08:24:45.991,91282CFW6,99.082031,2000000,4000000,99.097656,2000000,4000000
2022-Dec-18 08:24:46.045,91282CFW6,99.089844,1000000,2000000,99.097656,1000000,2000000
2022-Dec-18 08:24:46.100,91282CFW6,99.089844,2000000,4000000,99.105469,2000000,4000000
2022-Dec-18 08:24:46.150,91282CFW6,99.097656,1000000,2000000,99.105469,1000000,2000000
2022-Dec-18 08:24:46.203,91282CFW6,99.097656,2000000,4000000,99.113281,2000000,4000000
2022-Dec-18 08:24:46.254,91282CFW6,99.105469,1000000,2000000,99.113281,1000000,2000000
2022-Dec-18 08:24:46.304,91282CFW6,99.105469,2000000,4000000,99.121094,2000000,4000000
2022-Dec-18 08:24:46.357,91282CFW6,99.113281,1000000,2000000,99.121094,1000000,2000000
2022-Dec-18 08:24:46.412,91282CFW6,99.113281,2000000,4000000,99.128906,2000000,4000000
2022-Dec-18 08:24:46.462,91282CFW6,99.121094,1000000,2000000,99.128906,1000000,2000000
2022-Dec-18 08:24:46.513,91282CFW6,99.121094,2000000,4000000,99.136719,2000000,4000000
2022-Dec-18 08:24:46.563,91282CFW6,99.128906,1000000,2000000,99.136719,1000000,2000000
2022-Dec-18 08:24:46.618,91282CFW6,99.128906,2000000,4000000,99.144531,2000000,4000000
2022-Dec-18 08:24:46.671,91282CFW6,99.136719,1000000,2000000,99.144531,1000000,2000000
2022-Dec-18 08:24:46.725,91282CFW6,99.136719,2000000,4000000,99.152344,2000000,4000000
2022-Dec-18 08:24:46.778,91282CFW6,99.144531,1000000,2000000,99.152344,1000000,2000000
2022-Dec-18 08:24:46.829,91282CFW6,99.144531,2000000,4000000,99.160156,2000000,4000000
2022-Dec-18 08:24:46.882,91282CFW6,99.152344,1000000,2000000,99.160156,1000000,2000000
2022-Dec-18 08:24:46.932,91282CFW6,99.152344,2000000,4000000,99.167969,2000000,4000000
2022-Dec-18 08:24:46.988,91282CFW6,99.160156,1000000,2000000,99.167969,1000000,2000000
2022-Dec-18 08:24:47.040,91282CFW6,99.160156,2000000,4000000,99.175781,2000000,4000000
2022-Dec-18 08:24:47.090,91282CFW6,99.167969,1000000,2000000,99.175781,1000000,2000000
2022-Dec-18 08:24:47.143,91282CFW6,99.167969,2000000,4000000,99.183594,2000000,4000000
2022-Dec-18 08:24:47.193,91282CFW6,99.175781,1000000,2000000,99.183594,1000000,2000000
2022-Dec-18 08:24:47.243,91282CFW6,99.175781,2000000,4000000,99.191406,2000000,4000000
2022-Dec-18 08:24:47.296,91282CFW6,99.183594,1000000,2000000,99.191406,1000000,2000000
2022-Dec-18 08:24:47.349,91282CFW6,99.183594,2000000,4000000,99.199219,2000000,4000000
2022-Dec-18 08:24:47.404,91282CFW6,99.191406,1000000,2000000,99.199219,1000000,2000000
2022-Dec-18 08:24:47.459,91282CFW6,99.191406,2000000,4000000,99.207031,2000000,4000000
2022-Dec-18 08:24:47.513,91282CFW6,99.199219,1000000,2000000,99.207031,1000000,2000000
2022-Dec-18 08:24:47.564,91282CFW6,99.199219,2000000,4000000,99.214844,2000000,4000000
2022-Dec-18 08:24:47.615,91282CFW6,99.207031,1000000,2000000,99.214844,1000000,2000000
2022-Dec-18 08:24:47.670,91282CFW6,99.207031,2000000,4000000,99.222656,2000000,4000000
2022-Dec-18 08:24:47.724,91282CFW6,99.214844,1000000,2000000,99.222656,1000000,2000000
2022-Dec-18 08:24:47.774,91282CFW6,99.214844,2000000,4000000,99.230469,2000000,4000000
2022-Dec-18 08:24:47.827,91282CFW6,99.222656,1000000,2000000,99.230469,1000000,2000000
2022-Dec-18 08:24:47.879,91282CFW6,99.222656,2000000,4000000,99.238281,2000000,4000000
2022-Dec-18 08:24:47.931,91282CFW6,99.230469,1000000,2000000,99.238281,1000000,2000000
2022-Dec-18 08:24:47.984,91282CFW6,99.230469,2000000,4000000,99.246094,2000000,4000000
2022-Dec-18 08:24:48.037,91282CFW6,99.238281,1000000,2000000,99.246094,1000000,2000000
2022-Dec-18 08:24:48.090,91282CFW6,99.238281,2000000,4000000,99.253906,2000000,4000000
2022-Dec-18 08:24:48.142,91282CFW6,99.246094,1000000,2000000,99.253906,1000000,2000000
2022-Dec-18 08:24:48.196,91282CFW6,99.246094,2000000,4000000,99.261719,2000000,4000000
2022-Dec-18 08:24:48.248,91282CFW6,99.253906,1000000,2000000,99.261719,1000000,2000000
2022-Dec-18 08:24:48.303,91282CFW6,99.253906,2000000,4000000,99.269531,2000000,4000000
2022-Dec-18 08:24:48.353,91282CFW6,99.261719,1000000,2000000,99.269531,1000000,2000000
2022-Dec-18 08:24:48.406,91282CFW6,99.261719,2000000,4000000,99.277344,2000000,4000000
2022-Dec-18 08:24:48.457,91282CFW6,99.269531,1000000,2000000,99.277344,1000000,2000000
2022-Dec-18 08:24:48.511,91282CFW6,99.269531,2000000,4000000,99.285156,2000000,4000000
2022-Dec-18 08:24:48.563,91282CFW6,99.277344,1000000,2000000,99.285156,1000000,2000000
2022-Dec-18 08:24:48.614,91282CFW6,99.277344,2000000,4000000,99.292969,2000000,4000000
2022-Dec-18 08:24:48.668,91282CFW6,99.285156,1000000,2000000,99.292969,1000000,2000000
2022-Dec-18 08:24:48.723,91282CFW6,99.285156,2000000,4000000,99.300781,2000000,4000000
2022-Dec-18 08:24:48.774,91282CFW6,99.292969,1000000,2000000,99.300781,1000000,2000000
2022-Dec-18 08:24:48.825,91282CFW6,99.292969,2000000,4000000,99.308594,2000000,4000000
2022-Dec-18 08:24:48.880,91282CFW6,99.300781,1000000,2000000,99.308594,1000000,2000000
2022-Dec-18 08:24:48.931,91282CFW6,99.300781,2000000,4000000,99.316406,2000000,4000000
2022-Dec-18 08:24:48.983,91282CFW6,99.308594,1000000,2000000,99.316406,1000000,2000000
2022-Dec-18 08:24:49.038,91282CFW6,99.308594,2000000,4000000,99.324219,2000000,4000000
2022-Dec-18 08:24:49.090,91282CFW6,99.316406,1000000,2000000,99.324219,1000000,2000000
2022-Dec-18 08:24:49.144,91282CFW6,99.316406,2000000,4000000,99.332031,2000000,4000000
2022-Dec-18 08:24:49.197,91282CFW6,99.324219,1000000,2000000,99.332031,1000000,2000000
2022-Dec-18 08:24:49.248,91282CFW6,99.324219,2000000,4000000,99.339844,2000000,4000000
2022-Dec-18 08:24:49.299,91282CFW6,99.332031,1000000,2000000,99.339844,1000000,2000000
2022-Dec-18 08:24:49.350,91282CFW6,99.332031,2000000,4000000,99.347656,2000000,4000000
2022-Dec-18 08:24:49.404,91282CFW6,99.339844,1000000,2000000,99.347656,1000000,2000000
2022-Dec-18 08:24:49.457,91282CFW6,99.339844,2000000,4000000,99.355469,2000000,4000000
2022-Dec-18 08:24:49.509,91282CFW6,99.347656,1000000,2000000,99.355469,1000000,2000000
2022-Dec-18 08:24:49.563,91282CFW6,99.347656,2000000,4000000,99.363281,2000000,4000000
2022-Dec-18 08:24:49.614,91282CFW6,99.355469,1000000,2000000,99.363281,1000000,2000000
2022-Dec-18 08:24:49.665,91282CFW6,99.355469,2000000,4000000,99.371094,2000000,4000000
2022-Dec-18 08:24:49.716,91282CFW6,99.363281,1000000,2000000,99.371094,1000000,2000000
2022-Dec-18 08:24:49.770,91282CFW6,99.363281,2000000,4000000,99.378906,2000000,4000000
2022-Dec-18 08:24:49.824,91282CFW6,99.371094,1000000,2000000,99.378906,1000000,2000000
2022-Dec-18 08:24:49.876,91282CFW6,99.371094,2000000,4000000,99.386719,2000000,4000000
2022-Dec-18 08:24:49.929,91282CFW6,99.378906,1000000,2000000,99.386719,1000000,2000000
2022-Dec-18 08:24:49.984,91282CFW6,99.378906,2000000,4000000,99.394531,2000000,4000000
2022-Dec-18 08:24:50.035,91282CFW6,99.386719,1000000,2000000,99.394531,1000000,2000000
2022-Dec-18 08:24:50.090,91282CFW6,99.386719,2000000,4000000,99.402344,2000000,4000000
2022-Dec-18 08:24:50.141,91282CFW6,99.394531,1000000,2000000,99.402344,1000000,2000000
2022-Dec-18 08:24:50.193,91282CFW6,99.394531,2000000,4000000,99.410156,2000000,4000000
2022-Dec-18 08:24:50.248,91282CFW6,99.402344,1000000,2000000,99.410156,1000000,2000000
2022-Dec-18 08:24:50.303,91282CFW6,99.402344,2000000,4000000,99.417969,2000000,4000000
2022-Dec-18 08:24:50.356,91282CFW6,99.410156,1000000,2000000,99.417969,1000000,2000000
2022-Dec-18 08:24:50.408,91282CFW6,99.410156,2000000,4000000,99.425781,2000000,4000000
2022-Dec-18 08:24:50.463,91282CFW6,99.417969,1000000,2000000,99.425781,1000000,2000000
2022-Dec-18 08:24:50.514,91282CFW6,99.417969,2000000,4000000,99.433594,2000000,4000000
2022-Dec-18 08:24:50.569,91282CFW6,99.425781,1000000,2000000,99.433594,1000000,2000000
2022-Dec-18 08:24:50.623,91282CFW6,99.425781,2000000,4000000,99.441406,2000000,4000000
