time,product_id,bid_price,bid_visible_quantity,bid_hidden_quantity,offer_price,offer_visible_quantity,offer_hidden_quantity
2022-Dec-18 08:09:29.860,91282CFX4,98.996094,1000000,2000000,99.003906,1000000,2000000
2022-Dec-18 08:09:30.864,91282CFX4,98.996094,2000000,4000000,99.011719,2000000,4000000
2022-Dec-18 08:09:31.864,91282CFX4,99.003906,1000000,2000000,99.011719,1000000,2000000
2022-Dec-18 08:09:32.868,91282CFX4,99.003906,2000000,4000000,99.019531,2000000,4000000
2022-Dec-18 08:09:33.872,91282CFX4,99.011719,1000000,2000000,99.019531,1000000,2000000
2022-Dec-18 08:09:34.876,91282CFX4,99.011719,2000000,4000000,99.027344,2000000,4000000
2022-Dec-18 08:09:35.878,91282CFX4,99.019531,1000000,2000000,99.027344,1000000,2000000
2022-Dec-18 08:09:36.879,91282CFX4,99.019531,2000000,4000000,99.035156,2000000,4000000
2022-Dec-18 08:09:37.883,91282CFX4,99.027344,1000000,2000000,99.035156,1000000,2000000
2022-Dec-18 08:09:38.887,91282CFX4,99.027344,2000000,4000000,99.042969,2000000,4000000
2022-Dec-18 08:09:39.889,91282CFX4,99.035156,1000000,2000000,99.042969,1000000,2000000
2022-Dec-18 08:09:40.892,91282CFX4,99.035156,2000000,4000000,99.050781,2000000,4000000
2022-Dec-18 08:09:41.892,91282CFX4,99.042969,1000000,2000000,99.050781,1000000,2000000
2022-Dec-18 08:09:42.893,91282CFX4,99.042969,2000000,4000000,99.058594,2000000,4000000
2022-Dec-18 08:09:43.897,91282CFX4,99.050781,1000000,2000000,99.058594,1000000,2000000
2022-Dec-18 08:09:44.897,91282CFX4,99.050781,2000000,4000000,99.066406,2000000,4000000
2022-Dec-18 08:09:45.900,91282CFX4,99.058594,1000000,2000000,99.066406,1000000,2000000
2022-Dec-18 08:09:46.903,91282CFX4,99.058594,2000000,4000000,99.074219,2000000,4000000
2022-Dec-18 08:09:47.905,91282CFX4,99.066406,1000000,2000000,99.074219,1000000,2000000
2022-Dec-18 08:09:48.907,91282CFX4,99.066406,2000000,4000000,99.082031,2000000,4000000
2022-Dec-18 08:09:49.909,91282CFX4,99.074219,1000000,2000000,99.082031,1000000,2000000
2022-Dec-18 08:09:50.915,91282CFX4,99.074219,2000000,4000000,99.089844,2000000,4000000
2022-Dec-18 08:09:51.919,91282CFX4,99.082031,1000000,2000000,99.089844,1000000,2000000
2022-Dec-18 08:09:52.923,91282CFX4,99.082031,2000000,4000000,99.097656,2000000,4000000
2022-Dec-18 08:09:53.924,91282CFX4,99.089844,1000000,2000000,99.097656,1000000,2000000
2022-Dec-18 08:09:54.925,91282CFX4,99.089844,2000000,4000000,99.105469,2000000,4000000
2022-Dec-18 08:09:55.929,91282CFX4,99.097656,1000000,2000000,99.105469,1000000,2000000
2022-Dec-18 08:09:56.930,91282CFX4,99.097656,2000000,4000000,99.113281,2000000,4000000
2022-Dec-18 08:09:57.934,91282CFX4,99.105469,1000000,2000000,99.113281,1000000,2000000
2022-Dec-18 08:09:58.935,91282CFX4,99.105469,2000000,4000000,99.121094,2000000,4000000
2022-Dec-18 08:09:59.939,91282CFX4,99.113281,1000000,2000000,99.121094,1000000,2000000
2022-Dec-18 08:10:00.939,91282CFX4,99.113281,2000000,4000000,99.128906,2000000,4000000
2022-Dec-18 08:10:01.942,91282CFX4,99.121094,1000000,2000000,99.128906,1000000,2000000
2022-Dec-18 08:10:02.947,91282CFX4,99.121094,2000000,4000000,99.136719,2000000,4000000
2022-Dec-18 08:10:03.952,91282CFX4,99.128906,1000000,2000000,99.136719,1000000,2000000
2022-Dec-18 08:10:04.957,91282CFX4,99.128906,2000000,4000000,99.144531,2000000,4000000
2022-Dec-18 08:10:05.962,91282CFX4,99.136719,1000000,2000000,99.144531,1000000,2000000
2022-Dec-18 08:10:06.964,91282CFX4,99.136719,2000000,4000000,99.152344,2000000,4000000
2022-Dec-18 08:10:07.965,91282CFX4,99.144531,1000000,2000000,99.152344,1000000,2000000
2022-Dec-18 08:10:08.969,91282CFX4,99.144531,2000000,4000000,99.160156,2000000,4000000
2022-Dec-18 08:10:09.970,91282CFX4,99.152344,1000000,2000000,99.160156,1000000,2000000
2022-Dec-18 08:10:10.974,91282CFX4,99.152344,2000000,4000000,99.167969,2000000,4000000
2022-Dec-18 08:10:11.979,91282CFX4,99.160156,1000000,2000000,99.167969,1000000,2000000
2022-Dec-18 08:10:12.984,91282CFX4,99.160156,2000000,4000000,99.175781,2000000,4000000
2022-Dec-18 08:10:13.989,91282CFX4,99.167969,1000000,2000000,99.175781,1000000,2000000
2022-Dec-18 08:10:14.989,91282CFX4,99.167969,2000000,4000000,99.183594,2000000,4000000
2022-Dec-18 08:10:15.989,91282CFX4,99.175781,1000000,2000000,99.183594,1000000,2000000
2022-Dec-18 08:10:16.990,91282CFX4,99.175781,2000000,4000000,99.191406,2000000,4000000
2022-Dec-18 08:10:17.995,91282CFX4,99.183594,1000000,2000000,99.191406,1000000,2000000
2022-Dec-18 08:10:18.997,91282CFX4,99.183594,2000000,4000000,99.199219,2000000,4000000
2022-Dec-18 08:10:20.002,91282CFX4,99.191406,1000000,2000000,99.199219,1000000,2000000
2022-Dec-18 08:10:21.007,91282CFX4,99.191406,2000000,4000000,99.207031,2000000,4000000
2022-Dec-18 08:10:22.009,91282CFX4,99.199219,1000000,2000000,99.207031,1000000,2000000
2022-Dec-18 08:10:23.010,91282CFX4,99.199219,2000000,4000000,99.214844,2000000,4000000
2022-Dec-18 08:10:24.012,91282CFX4,99.207031,1000000,2000000,99.214844,1000000,2000000
2022-Dec-18 08:10:25.012,91282CFX4,99.207031,2000000,4000000,99.222656,2000000,4000000
2022-Dec-18 08:10:26.014,91282CFX4,99.214844,1000000,2000000,99.222656,1000000,2000000
2022-Dec-18 08:10:27.018,91282CFX4,99.214844,2000000,4000000,99.230469,2000000,4000000
2022-Dec-18 08:10:28.020,91282CFX4,99.222656,1000000,2000000,99.230469,1000000,2000000
2022-Dec-18 08:10:29.024,91282CFX4,99.222656,2000000,4000000,99.238281,2000000,4000000
2022-Dec-18 08:10:30.026,91282CFX4,99.230469,1000000,2000000,99.238281,1000000,2000000
2022-Dec-18 08:10:31.026,91282CFX4,99.230469,2000000,4000000,99.246094,2000000,4000000
2022-Dec-18 08:10:32.029,91282CFX4,99.238281,1000000,2000000,99.246094,1000000,2000000
2022-Dec-18 08:10:33.034,91282CFX4,99.238281,2000000,4000000,99.253906,2000000,4000000
2022-Dec-18 08:10:34.038,91282CFX4,99.246094,1000000,2000000,99.253906,1000000,2000000
2022-Dec-18 08:10:35.042,91282CFX4,99.246094,2000000,4000000,99.261719,2000000,4000000
2022-Dec-18 08:10:36.044,91282CFX4,99.253906,1000000,2000000,99.261719,1000000,2000000
2022-Dec-18 08:10:37.044,91282CFX4,99.253906,2000000,4000000,99.269531,2000000,4000000
2022-Dec-18 08:10:38.049,91282CFX4,99.261719,1000000,2000000,99.269531,1000000,2000000
2022-Dec-18 08:10:39.051,91282CFX4,99.261719,2000000,4000000,99.277344,2000000,4000000
2022-Dec-18 08:10:40.056,91282CFX4,99.269531,1000000,2000000,99.277344,1000000,2000000
2022-Dec-18 08:10:41.058,91282CFX4,99.269531,2000000,4000000,99.285156,2000000,4000000
2022-Dec-18 08:10:42.063,91282CFX4,99.277344,1000000,2000000,99.285156,1000000,2000000
2022-Dec-18 08:10:43.068,91282CFX4,99.277344,2000000,4000000,99.292969,2000000,4000000
2022-Dec-18 08:10:44.070,91282CFX4,99.285156,1000000,2000000,99.292969,1000000,2000000
2022-Dec-18 08:10:45.074,91282CFX4,99.285156,2000000,4000000,99.300781,2000000,4000000
2022-Dec-18 08:10:46.077,91282CFX4,99.292969,1000000,2000000,99.300781,1000000,2000000
2022-Dec-18 08:10:47.082,91282CFX4,99.292969,2000000,4000000,99.308594,2000000,4000000
2022-Dec-18 08:10:48.085,91282CFX4,99.300781,1000000,2000000,99.308594,1000000,2000000
2022-Dec-18 08:10:49.087,91282CFX4,99.300781,2000000,4000000,99.316406,2000000,4000000
2022-Dec-18 08:10:50.087,91282CFX4,99.308594,1000000,2000000,99.316406,1000000,2000000
2022-Dec-18 08:10:51.089,91282CFX4,99.308594,2000000,4000000,99.324219,2000000,4000000
2022-Dec-18 08:10:52.093,91282CFX4,99.316406,1000000,2000000,99.324219,1000000,2000000
2022-Dec-18 08:10:53.093,91282CFX4,99.316406,2000000,4000000,99.332031,2000000,4000000
2022-Dec-18 08:10:54.096,91282CFX4,99.324219,1000000,2000000,99.332031,1000000,2000000
2022-Dec-18 08:10:55.098,91282CFX4,99.324219,2000000,4000000,99.339844,2000000,4000000
2022-Dec-18 08:10:56.103,91282CFX4,99.332031,1000000,2000000,99.339844,1000000,2000000
2022-Dec-18 08:10:57.104,91282CFX4,99.332031,2000000,4000000,99.347656,2000000,4000000
2022-Dec-18 08:10:58.108,91282CFX4,99.339844,1000000,2000000,99.347656,1000000,2000000
2022-Dec-18 08:10:59.109,91282CFX4,99.339844,2000000,4000000,99.355469,2000000,4000000
2022-Dec-18 08:11:00.110,91282CFX4,99.347656,1000000,2000000,99.355469,1000000,2000000
2022-Dec-18 08:11:01.114,91282CFX4,99.347656,2000000,4000000,99.363281,2000000,4000000
2022-Dec-18 08:11:02.118,91282CFX4,99.355469,1000000,2000000,99.363281,1000000,2000000
2022-Dec-18 08:11:03.122,91282CFX4,99.355469,2000000,4000000,99.371094,2000000,4000000
2022-Dec-18 08:11:04.122,91282CFX4,99.363281,1000000,2000000,99.371094,1000000,2000000
2022-Dec-18 08:11:05.124,91282CFX4,99.363281,2000000,4000000,99.378906,2000000,4000000
2022-Dec-18 08:11:06.124,91282CFX4,99.371094,1000000,2000000,99.378906,1000000,2000000
2022-Dec-18 08:11:07.125,91282CFX4,99.371094,2000000,4000000,99.386719,2000000,4000000
2022-Dec-18 08:11:08.129,91282CFX4,99.378906,1000000,2000000,99.386719,1000000,2000000
2022-Dec-18 08:11:09.134,91282CFX4,99.378906,2000000,4000000,99.394531,2000000,4000000
2022-Dec-18 08:11:10.135,91282CFX4,99.386719,1000000,2000000,99.394531,1000000,2000000
2022-Dec-18 08:11:11.138,91282CFX4,99.386719,2000000,4000000,99.402344,2000000,4000000
2022-Dec-18 08:11:12.141,91282CFX4,99.394531,1000000,2000000,99.402344,1000000,2000000
2022-Dec-18 08:11:13.142,91282CFX4,99.394531,2000000,4000000,99.410156,2000000,4000000
2022-Dec-18 08:11:14.143,91282CFX4,99.402344,1000000,2000000,99.410156,1000000,2000000
2022-Dec-18 08:11:15.145,91282CFX4,99.402344,2000000,4000000,99.417969,2000000,4000000
2022-Dec-18 08:11:16.146,91282CFX4,99.410156,1000000,2000000,99.417969,1000000,2000000
2022-Dec-18 08:11:17.148,91282CFX4,99.410156,2000000,4000000,99.425781,2000000,4000000
2022-Dec-18 08:11:18.150,91282CFX4,99.417969,1000000,2000000,99.425781,1000000,2000000
2022-Dec-18 08:11:19.153,91282CFX4,99.417969,2000000,4000000,99.433594,2000000,4000000
2022-Dec-18 08:11:20.156,91282CFX4,99.425781,1000000,2000000,99.433594,1000000,2000000
2022-Dec-18 08:11:21.158,91282CFX4,99.425781,2000000,4000000,99.441406,2000000,4000000
2022-Dec-18 08:11:22.162,91282CFX4,99.433594,1000000,2000000,99.441406,1000000,2000000
2022-Dec-18 08:11:23.167,91282CFX4,99.433594,2000000,4000000,99.449219,2000000,4000000
2022-Dec-18 08:11:24.170,91282CFX4,99.441406,1000000,2000000,99.449219,1000000,2000000
2022-Dec-18 08:11:25.171,91282CFX4,99.441406,2000000,4000000,99.457031,2000000,4000000
2022-Dec-18 08:11:26.170,91282CFX4,99.449219,1000000,2000000,99.457031,1000000,2000000
2022-Dec-18 08:11:27.172,91282CFX4,99.449219,2000000,4000000,99.464844,2000000,4000000
2022-Dec-18 08:11:28.172,91282CFX4,99.457031,1000000,2000000,99.464844,1000000,2000000
2022-Dec-18 08:11:29.175,91282CFX4,99.457031,2000000,4000000,99.472656,2000000,4000000
2022-Dec-18 08:11:30.176,91282CFX4,99.464844,1000000,2000000,99.472656,1000000,2000000
2022-Dec-18 08:11:31.176,91282CFX4,99.464844,2000000,4000000,99.480469,2000000,4000000
2022-Dec-18 08:11:32.178,91282CFX4,99.472656,1000000,2000000,99.480469,1000000,2000000
2022-Dec-18 08:11:33.183,91282CFX4,99.472656,2000000,4000000,99.488281,2000000,4000000
2022-Dec-18 08:11:34.184,91282CFX4,99.480469,1000000,2000000,99.488281,1000000,2000000
2022-Dec-18 08:11:35.189,91282CFX4,99.480469,2000000,4000000,99.496094,2000000,4000000
2022-Dec-18 08:11:36.190,91282CFX4,99.488281,1000000,2000000,99.496094,1000000,2000000
2022-Dec-18 08:11:37.191,91282CFX4,99.488281,2000000,4000000,99.503906,2000000,4000000
2022-Dec-18 08:11:38.192,91282CFX4,99.496094,1000000,2000000,99.503906,1000000,2000000
2022-Dec-18 08:11:39.197,91282CFX4,99.496094,2000000,4000000,99.511719,2000000,4000000
2022-Dec-18 08:11:40.200,91282CFX4,99.503906,1000000,2000000,99.511719,1000000,2000000
2022-Dec-18 08:11:41.203,91282CFX4,99.503906,2000000,4000000,99.519531,2000000,4000000
2022-Dec-18 08:11:42.204,91282CFX4,99.511719,1000000,2000000,99.519531,1000000,2000000
2022-Dec-18 08:11:43.209,91282CFX4,99.511719,2000000,4000000,99.527344,2000000,4000000
2022-Dec-18 08:11:44.210,91282CFX4,99.519531,1000000,2000000,99.527344,1000000,2000000
2022-Dec-18 08:11:45.215,91282CFX4,99.519531,2000000,4000000,99.535156,2000000,4000000
2022-Dec-18 08:11:46.216,91282CFX4,99.527344,1000000,2000000,99.535156,1000000,2000000
2022-Dec-18 08:11:47.220,91282CFX4,99.527344,2000000,4000000,99.542969,2000000,4000000
2022-Dec-18 08:11:48.224,91282CFX4,99.535156,1000000,2000000,99.542969,1000000,2000000
2022-Dec-18 08:11:49.228,91282CFX4,99.535156,2000000,4000000,99.550781,2000000,4000000
2022-Dec-18 08:11:50.232,91282CFX4,99.542969,1000000,2000000,99.550781,1000000,2000000
2022-Dec-18 08:11:51.235,91282CFX4,99.542969,2000000,4000000,99.558594,2000000,4000000
2022-Dec-18 08:11:52.236,91282CFX4,99.550781,1000000,2000000,99.558594,1000000,2000000
2022-Dec-18 08:11:53.240,91282CFX4,99.550781,2000000,4000000,99.566406,2000000,4000000
2022-Dec-18 08:11:54.242,91282CFX4,99.558594,1000000,2000000,99.566406,1000000,2000000
2022-Dec-18 08:11:55.243,91282CFX4,99.558594,2000000,4000000,99.574219,2000000,4000000
2022-Dec-18 08:11:56.244,91282CFX4,99.566406,1000000,2000000,99.574219,1000000,2000000
2022-Dec-18 08:11:57.248,91282CFX4,99.566406,2000000,4000000,99.582031,2000000,4000000
2022-Dec-18 08:11:58.252,91282CFX4,99.574219,1000000,2000000,99.582031,1000000,2000000
2022-Dec-18 08:11:59.254,91282CFX4,99.574219,2000000,4000000,99.589844,2000000,4000000
2022-Dec-18 08:12:00.255,91282CFX4,99.582031,1000000,2000000,99.589844,1000000,2000000
2022-Dec-18 08:12:01.260,91282CFX4,99.582031,2000000,4000000,99.597656,2000000,4000000
2022-Dec-18 08:12:02.261,91282CFX4,99.589844,1000000,2000000,99.597656,1000000,2000000
2022-Dec-18 08:12:03.263,91282CFX4,99.589844,2000000,4000000,99.605469,2000000,4000000
2022-Dec-18 08:12:04.265,91282CFX4,99.597656,1000000,2000000,99.605469,1000000,2000000
2022-Dec-18 08:12:05.265,91282CFX4,99.597656,2000000,4000000,99.613281,2000000,4000000
2022-Dec-18 08:12:06.265,91282CFX4,99.605469,1000000,2000000,99.613281,1000000,2000000
2022-Dec-18 08:12:07.266,91282CFX4,99.605469,2000000,4000000,99.621094,2000000,4000000
2022-Dec-18 08:12:08.270,91282CFX4,99.613281,1000000,2000000,99.621094,1000000,2000000
2022-Dec-18 08:12:09.276,91282CFX4,99.613281,2000000,4000000,99.628906,2000000,4000000
2022-Dec-18 08:12:10.279,91282CFX4,99.621094,1000000,2000000,99.628906,1000000,2000000
2022-Dec-18 08:12:11.282,91282CFX4,99.621094,2000000,4000000,99.636719,2000000,4000000
2022-Dec-18 08:12:12.283,91282CFX4,99.628906,1000000,2000000,99.636719,1000000,2000000
2022-Dec-18 08:12:13.288,91282CFX4,99.628906,2000000,4000000,99.644531,2000000,4000000
2022-Dec-18 08:12:14.291,91282CFX4,99.636719,1000000,2000000,99.644531,1000000,2000000
2022-Dec-18 08:12:15.296,91282CFX4,99.636719,2000000,4000000,99.652344,2000000,4000000
2022-Dec-18 08:12:16.298,91282CFX4,99.644531,1000000,2000000,99.652344,1000000,2000000
2022-Dec-18 08:12:17.299,91282CFX4,99.644531,2000000,4000000,99.660156,2000000,4000000
2022-Dec-18 08:12:18.304,91282CFX4,99.652344,1000000,2000000,99.660156,1000000,2000000
2022-Dec-18 08:12:19.304,91282CFX4,99.652344,2000000,4000000,99.667969,2000000,4000000
2022-Dec-18 08:12:20.305,91282CFX4,99.660156,1000000,2000000,99.667969,1000000,2000000
2022-Dec-18 08:12:21.305,91282CFX4,99.660156,2000000,4000000,99.675781,2000000,4000000
2022-Dec-18 08:12:22.305,91282CFX4,99.667969,1000000,2000000,99.675781,1000000,2000000
2022-Dec-18 08:12:23.305,91282CFX4,99.667969,2000000,4000000,99.683594,2000000,4000000
2022-Dec-18 08:12:24.310,91282CFX4,99.675781,1000000,2000000,99.683594,1000000,2000000
2022-Dec-18 08:12:25.311,91282CFX4,99.675781,2000000,4000000,99.691406,2000000,4000000
2022-Dec-18 08:12:26.316,91282CFX4,99.683594,1000000,2000000,99.691406,1000000,2000000
2022-Dec-18 08:12:27.319,91282CFX4,99.683594,2000000,4000000,99.699219,2000000,4000000
2022-Dec-18 08:12:28.322,91282CFX4,99.691406,1000000,2000000,99.699219,1000000,2000000
2022-Dec-18 08:12:29.327,91282CFX4,99.691406,2000000,4000000,99.707031,2000000,4000000
2022-Dec-18 08:12:30.331,91282CFX4,99.699219,1000000,2000000,99.707031,1000000,2000000
2022-Dec-18 08:12:31.335,91282CFX4,99.699219,2000000,4000000,99.714844,2000000,4000000
2022-Dec-18 08:12:32.337,91282CFX4,99.707031,1000000,2000000,99.714844,1000000,2000000
2022-Dec-18 08:12:33.337,91282CFX4,99.707031,2000000,4000000,99.722656,2000000,4000000
2022-Dec-18 08:12:34.342,91282CFX4,99.714844,1000000,2000000,99.722656,1000000,2000000
2022-Dec-18 08:12:35.343,91282CFX4,99.714844,2000000,4000000,99.730469,2000000,4000000
2022-Dec-18 08:12:36.348,91282CFX4,99.722656,1000000,2000000,99.730469,1000000,2000000
2022-Dec-18 08:12:37.353,91282CFX4,99.722656,2000000,4000000,99.738281,2000000,4000000
2022-Dec-18 08:12:38.355,91282CFX4,99.730469,1000000,2000000,99.738281,1000000,2000000
2022-Dec-18 08:12:39.356,91282CFX4,99.730469,2000000,4000000,99.746094,2000000,4000000
2022-Dec-18 08:12:40.356,91282CFX4,99.738281,1000000,2000000,99.746094,1000000,2000000
2022-Dec-18 08:12:41.359,91282CFX4,99.738281,2000000,4000000,99.753906,2000000,4000000
2022-Dec-18 08:12:42.362,91282CFX4,99.746094,1000000,2000000,99.753906,1000000,2000000
2022-Dec-18 08:12:43.367,91282CFX4,99.746094,2000000,4000000,99.761719,2000000,4000000
2022-Dec-18 08:12:44.370,91282CFX4,99.753906,1000000,2000000,99.761719,1000000,2000000
2022-Dec-18 08:12:45.374,91282CFX4,99.753906,2000000,4000000,99.769531,2000000,4000000
2022-Dec-18 08:12:46.379,91282CFX4,99.761719,1000000,2000000,99.769531,1000000,2000000
2022-Dec-18 08:12:47.381,91282CFX4,99.761719,2000000,4000000,99.777344,2000000,4000000
2022-Dec-18 08:12:48.385,91282CFX4,99.769531,1000000,2000000,99.777344,1000000,2000000
2022-Dec-18 08:12:49.385,91282CFX4,99.769531,2000000,4000000,99.785156,2000000,4000000
2022-Dec-18 08:12:50.385,91282CFX4,99.777344,1000000,2000000,99.785156,1000000,2000000
2022-Dec-18 08:12:51.388,91282CFX4,99.777344,2000000,4000000,99.792969,2000000,4000000
2022-Dec-18 08:12:52.390,91282CFX4,99.785156,1000000,2000000,99.792969,1000000,2000000
2022-Dec-18 08:12:53.393,91282CFX4,99.785156,2000000,4000000,99.800781,2000000,4000000
2022-Dec-18 08:12:54.397,91282CFX4,99.792969,1000000,2000000,99.800781,1000000,2000000
2022-Dec-18 08:12:55.400,91282CFX4,99.792969,2000000,4000000,99.808594,2000000,4000000
2022-Dec-18 08:12:56.405,91282CFX4,99.800781,1000000,2000000,99.808594,1000000,2000000
2022-Dec-18 08:12:57.409,91282CFX4,99.800781,2000000,4000000,99.816406,2000000,4000000
2022-Dec-18 08:12:58.413,91282CFX4,99.808594,1000000,2000000,99.816406,1000000,2000000
2022-Dec-18 08:12:59.417,91282CFX4,99.808594,2000000,4000000,99.824219,2000000,4000000
2022-Dec-18 08:13:00.420,91282CFX4,99.816406,1000000,2000000,99.824219,1000000,2000000
2022-Dec-18 08:13:01.423,91282CFX4,99.816406,2000000,4000000,99.832031,2000000,4000000
2022-Dec-18 08:13:02.425,91282CFX4,99.824219,1000000,2000000,99.832031,1000000,2000000
2022-Dec-18 08:13:03.426,91282CFX4,99.824219,2000000,4000000,99.839844,2000000,4000000
2022-Dec-18 08:13:04.426,91282CFX4,99.832031,1000000,2000000,99.839844,1000000,2000000
2022-Dec-18 08:13:05.431,91282CFX4,99.832031,2000000,4000000,99.847656,2000000,4000000
2022-Dec-18 08:13:06.434,91282CFX4,99.839844,1000000,2000000,99.847656,1000000,2000000
2022-Dec-18 08:13:07.435,91282CFX4,99.839844,2000000,4000000,99.855469,2000000,4000000
2022-Dec-18 08:13:08.439,91282CFX4,99.847656,1000000,2000000,99.855469,1000000,2000000
2022-Dec-18 08:13:09.439,91282CFX4,99.847656,2000000,4000000,99.863281,2000000,4000000
2022-Dec-18 08:13:10.441,91282CFX4,99.855469,1000000,2000000,99.863281,1000000,2000000
2022-Dec-18 08:13:11.446,91282CFX4,99.855469,2000000,4000000,99.871094,2000000,4000000
2022-Dec-18 08:13:12.451,91282CFX4,99.863281,1000000,2000000,99.871094,1000000,2000000
2022-Dec-18 08:13:13.451,91282CFX4,99.863281,2000000,4000000,99.878906,2000000,4000000
2022-Dec-18 08:13:14.454,91282CFX4,99.871094,1000000,2000000,99.878906,1000000,2000000
2022-Dec-18 08:13:15.454,91282CFX4,99.871094,2000000,4000000,99.886719,2000000,4000000
2022-Dec-18 08:13:16.459,91282CFX4,99.878906,1000000,2000000,99.886719,1000000,2000000
2022-Dec-18 08:13:17.462,91282CFX4,99.878906,2000000,4000000,99.894531,2000000,4000000
2022-Dec-18 08:13:18.464,91282CFX4,99.886719,1000000,2000000,99.894531,1000000,2000000
2022-Dec-18 08:13:19.467,91282CFX4,99.886719,2000000,4000000,99.902344,2000000,4000000
2022-Dec-18 08:13:20.469,91282CFX4,99.894531,1000000,2000000,99.902344,1000000,2000000
2022-Dec-18 08:13:21.471,91282CFX4,99.894531,2000000,4000000,99.910156,2000000,4000000
2022-Dec-18 08:13:22.473,91282CFX4,99.902344,1000000,2000000,99.910156,1000000,2000000
2022-Dec-18 08:13:23.477,91282CFX4,99.902344,2000000,4000000,99.917969,2000000,4000000
2022-Dec-18 08:13:24.481,91282CFX4,99.910156,1000000,2000000,99.917969,1000000,2000000
2022-Dec-18 08:13:25.486,91282CFX4,99.910156,2000000,4000000,99.925781,2000000,4000000
2022-Dec-18 08:13:26.489,91282CFX4,99.917969,1000000,2000000,99.925781,1000000,2000000
2022-Dec-18 08:13:27.493,91282CFX4,99.917969,2000000,4000000,99.933594,2000000,4000000
2022-Dec-18 08:13:28.497,91282CFX4,99.925781,1000000,2000000,99.933594,1000000,2000000
2022-Dec-18 08:13:29.502,91282CFX4,99.925781,2000000,4000000,99.941406,2000000,4000000
2022-Dec-18 08:13:30.502,91282CFX4,99.933594,1000000,2000000,99.941406,1000000,2000000
2022-Dec-18 08:13:31.507,91282CFX4,99.933594,2000000,4000000,99.949219,2000000,4000000
2022-Dec-18 08:13:32.508,91282CFX4,99.941406,1000000,2000000,99.949219,1000000,2000000
2022-Dec-18 08:13:33.509,91282CFX4,99.941406,2000000,4000000,99.957031,2000000,4000000
2022-Dec-18 08:13:34.514,91282CFX4,99.949219,1000000,2000000,99.957031,1000000,2000000
2022-Dec-18 08:13:35.518,91282CFX4,99.949219,2000000,4000000,99.964844,2000000,4000000
2022-Dec-18 08:13:36.522,91282CFX4,99.957031,1000000,2000000,99.964844,1000000,2000000
2022-Dec-18 08:13:37.525,91282CFX4,99.957031,2000000,4000000,99.972656,2000000,4000000
2022-Dec-18 08:13:38.530,91282CFX4,99.964844,1000000,2000000,99.972656,1000000,2000000
2022-Dec-18 08:13:39.532,91282CFX4,99.964844,2000000,4000000,99.980469,2000000,4000000
2022-Dec-18 08:13:40.535,91282CFX4,99.972656,1000000,2000000,99.980469,1000000,2000000
2022-Dec-18 08:13:41.536,91282CFX4,99.972656,2000000,4000000,99.988281,2000000,4000000
2022-Dec-18 08:13:42.536,91282CFX4,99.980469,1000000,2000000,99.988281,1000000,2000000
2022-Dec-18 08:13:43.541,91282CFX4,99.980469,2000000,4000000,99.996094,2000000,4000000
2022-Dec-18 08:13:44.543,91282CFX4,99.988281,1000000,2000000,99.996094,1000000,2000000
2022-Dec-18 08:13:45.546,91282CFX4,99.988281,2000000,4000000,100.003906,2000000,4000000
2022-Dec-18 08:13:46.551,91282CFX4,99.996094,1000000,2000000,100.003906,1000000,2000000
2022-Dec-18 08:13:47.556,91282CFX4,99.996094,2000000,4000000,100.011719,2000000,4000000
2022-Dec-18 08:13:48.556,91282CFX4,100.003906,1000000,2000000,100.011719,1000000,2000000
2022-Dec-18 08:13:49.557,91282CFX4,100.003906,2000000,4000000,100.019531,2000000,4000000
2022-Dec-18 08:13:50.557,91282CFX4,100.011719,1000000,2000000,100.019531,1000000,2000000
2022-Dec-18 08:13:51.560,91282CFX4,100.011719,2000000,4000000,100.027344,2000000,4000000
2022-Dec-18 08:13:52.565,91282CFX4,100.019531,1000000,2000000,100.027344,1000000,2000000
2022-Dec-18 08:13:53.566,91282CFX4,100.019531,2000000,4000000,100.035156,2000000,4000000
2022-Dec-18 08:13:54.567,91282CFX4,100.027344,1000000,2000000,100.035156,1000000,2000000
2022-Dec-18 08:13:55.568,91282CFX4,100.027344,2000000,4000000,100.042969,2000000,4000000
2022-Dec-18 08:13:56.568,91282CFX4,100.035156,1000000,2000000,100.042969,1000000,2000000
2022-Dec-18 08:13:57.568,91282CFX4,100.035156,2000000,4000000,100.050781,2000000,4000000
2022-Dec-18 08:13:58.572,91282CFX4,100.042969,1000000,2000000,100.050781,1000000,2000000
2022-Dec-18 08:13:59.575,91282CFX4,100.042969,2000000,4000000,100.058594,2000000,4000000
2022-Dec-18 08:14:00.580,91282CFX4,100.050781,1000000,2000000,100.058594,1000000,2000000
2022-Dec-18 08:14:01.585,91282CFX4,100.050781,2000000,4000000,100.066406,2000000,4000000
2022-Dec-18 08:14:02.586,91282CFX4,100.058594,1000000,2000000,100.066406,1000000,2000000
2022-Dec-18 08:14:03.588,91282CFX4,100.058594,2000000,4000000,100.074219,2000000,4000000
2022-Dec-18 08:14:04.589,91282CFX4,100.066406,1000000,2000000,100.074219,1000000,2000000
2022-Dec-18 08:14:05.594,91282CFX4,100.066406,2000000,4000000,100.082031,2000000,4000000
2022-Dec-18 08:14:06.594,91282CFX4,100.074219,1000000,2000000,100.082031,1000000,2000000
2022-Dec-18 08:14:07.598,91282CFX4,100.074219,2000000,4000000,100.089844,2000000,4000000
2022-Dec-18 08:14:08.598,91282CFX4,100.082031,1000000,2000000,100.089844,1000000,2000000
2022-Dec-18 08:14:09.599,91282CFX4,100.082031,2000000,4000000,100.097656,2000000,4000000
2022-Dec-18 08:14:10.600,91282CFX4,100.089844,1000000,2000000,100.097656,1000000,2000000
2022-Dec-18 08:14:11.601,91282CFX4,100.089844,2000000,4000000,100.105469,2000000,4000000
2022-Dec-18 08:14:12.604,91282CFX4,100.097656,1000000,2000000,100.105469,1000000,2000000
2022-Dec-18 08:14:13.605,91282CFX4,100.097656,2000000,4000000,100.113281,2000000,4000000
2022-Dec-18 08:14:14.607,91282CFX4,100.105469,1000000,2000000,100.113281,1000000,2000000
2022-Dec-18 08:14:15.610,91282CFX4,100.105469,2000000,4000000,100.121094,2000000,4000000
2022-Dec-18 08:14:16.614,91282CFX4,100.113281,1000000,2000000,100.121094,1000000,2000000
2022-Dec-18 08:14:17.616,91282CFX4,100.113281,2000000,4000000,100.128906,2000000,4000000
2022-Dec-18 08:14:18.619,91282CFX4,100.121094,1000000,2000000,100.128906,1000000,2000000
2022-Dec-18 08:14:19.624,91282CFX4,100.121094,2000000,4000000,100.136719,2000000,4000000
2022-Dec-18 08:14:20.628,91282CFX4,100.128906,1000000,2000000,100.136719,1000000,2000000
2022-Dec-18 08:14:21.631,91282CFX4,100.128906,2000000,4000000,100.144531,2000000,4000000
2022-Dec-18 08:14:22.636,91282CFX4,100.136719,1000000,2000000,100.144531,1000000,2000000
2022-Dec-18 08:14:23.640,91282CFX4,100.136719,2000000,4000000,100.152344,2000000,4000000
2022-Dec-18 08:14:24.644,91282CFX4,100.144531,1000000,2000000,100.152344,1000000,2000000
2022-Dec-18 08:14:25.646,91282CFX4,100.144531,2000000,4000000,100.160156,2000000,4000000
2022-Dec-18 08:14:26.649,91282CFX4,100.152344,1000000,2000000,100.160156,1000000,2000000
2022-Dec-18 08:14:27.651,91282CFX4,100.152344,2000000,4000000,100.167969,2000000,4000000
2022-Dec-18 08:14:28.651,91282CFX4,100.160156,1000000,2000000,100.167969,1000000,2000000
2022-Dec-18 08:14:29.653,91282CFX4,100.160156,2000000,4000000,100.175781,2000000,4000000
2022-Dec-18 08:14:30.658,91282CFX4,100.167969,1000000,2000000,100.175781,1000000,2000000
2022-Dec-18 08:14:31.662,91282CFX4,100.167969,2000000,4000000,100.183594,2000000,4000000
2022-Dec-18 08:14:32.665,91282CFX4,100.175781,1000000,2000000,100.183594,1000000,2000000
2022-Dec-18 08:14:33.667,91282CFX4,100.175781,2000000,4000000,100.191406,2000000,4000000
2022-Dec-18 08:14:34.670,91282CFX4,100.183594,1000000,2000000,100.191406,1000000,2000000
2022-Dec-18 08:14:35.671,91282CFX4,100.183594,2000000,4000000,100.199219,2000000,4000000
2022-Dec-18 08:14:36.670,91282CFX4,100.191406,1000000,2000000,100.199219,1000000,2000000
2022-Dec-18 08:14:37.675,91282CFX4,100.191406,2000000,4000000,100.207031,2000000,4000000
2022-Dec-18 08:14:38.678,91282CFX4,100.199219,1000000,2000000,100.207031,1000000,2000000
2022-Dec-18 08:14:39.682,91282CFX4,100.199219,2000000,4000000,100.214844,2000000,4000000
2022-Dec-18 08:14:40.686,91282CFX4,100.207031,1000000,2000000,100.214844,1000000,2000000
2022-Dec-18 08:14:41.689,91282CFX4,100.207031,2000000,4000000,100.222656,2000000,4000000
2022-Dec-18 08:14:42.693,91282CFX4,100.214844,1000000,2000000,100.222656,1000000,2000000
2022-Dec-18 08:14:43.698,91282CFX4,100.214844,2000000,4000000,100.230469,2000000,4000000
2022-Dec-18 08:14:44.702,91282CFX4,100.222656,1000000,2000000,100.230469,1000000,2000000
2022-Dec-18 08:14:45.707,91282CFX4,100.222656,2000000,4000000,100.238281,2000000,4000000
2022-Dec-18 08:14:46.712,91282CFX4,100.230469,1000000,2000000,100.238281,1000000,2000000
2022-Dec-18 08:14:47.716,91282CFX4,100.230469,2000000,4000000,100.246094,2000000,4000000
2022-Dec-18 08:14:48.718,91282CFX4,100.238281,1000000,2000000,100.246094,1000000,2000000
2022-Dec-18 08:14:49.724,91282CFX4,100.238281,2000000,4000000,100.253906,2000000,4000000
2022-Dec-18 08:14:50.727,91282CFX4,100.246094,1000000,2000000,100.253906,1000000,2000000
2022-Dec-18 08:14:51.732,91282CFX4,100.246094,2000000,4000000,100.261719,2000000,4000000
2022-Dec-18 08:14:52.735,91282CFX4,100.253906,1000000,2000000,100.261719,1000000,2000000
2022-Dec-18 08:14:53.740,91282CFX4,100.253906,2000000,4000000,100.269531,2000000,4000000
2022-Dec-18 08:14:54.744,91282CFX4,100.261719,1000000,2000000,100.269531,1000000,2000000
2022-Dec-18 08:14:55.748,91282CFX4,100.261719,2000000,4000000,100.277344,2000000,4000000
2022-Dec-18 08:14:56.748,91282CFX4,100.269531,1000000,2000000,100.277344,1000000,2000000
2022-Dec-18 08:14:57.749,91282CFX4,100.269531,2000000,4000000,100.285156,2000000,4000000
2022-Dec-18 08:14:58.755,91282CFX4,100.277344,1000000,2000000,100.285156,1000000,2000000
2022-Dec-18 08:14:59.758,91282CFX4,100.277344,2000000,4000000,100.292969,2000000,4000000
2022-Dec-18 08:15:00.763,91282CFX4,100.285156,1000000,2000000,100.292969,1000000,2000000
2022-Dec-18 08:15:01.764,91282CFX4,100.285156,2000000,4000000,100.300781,2000000,4000000
2022-Dec-18 08:15:02.768,91282CFX4,100.292969,1000000,2000000,100.300781,1000000,2000000
2022-Dec-18 08:15:03.772,91282CFX4,100.292969,2000000,4000000,100.308594,2000000,4000000
2022-Dec-18 08:15:04.772,91282CFX4,100.300781,1000000,2000000,100.308594,1000000,2000000
2022-Dec-18 08:15:05.775,91282CFX4,100.300781,2000000,4000000,100.316406,2000000,4000000
2022-Dec-18 08:15:06.778,91282CFX4,100.308594,1000000,2000000,100.316406,1000000,2000000
2022-Dec-18 08:15:07.781,91282CFX4,100.308594,2000000,4000000,100.324219,2000000,4000000
2022-Dec-18 08:15:08.782,91282CFX4,100.316406,1000000,2000000,100.324219,1000000,2000000
2022-Dec-18 08:15:09.787,91282CFX4,100.316406,2000000,4000000,100.332031,2000000,4000000
2022-Dec-18 08:15:10.790,91282CFX4,100.324219,1000000,2000000,100.332031,1000000,2000000
2022-Dec-18 08:15:11.794,91282CFX4,100.324219,2000000,4000000,100.339844,2000000,4000000
2022-Dec-18 08:15:12.797,91282CFX4,100.332031,1000000,2000000,100.339844,1000000,2000000
2022-Dec-18 08:15:13.797,91282CFX4,100.332031,2000000,4000000,100.347656,2000000,4000000
2022-Dec-18 08:15:14.801,91282CFX4,100.339844,1000000,2000000,100.347656,1000000,2000000
2022-Dec-18 08:15:15.804,91282CFX4,100.339844,2000000,4000000,100.355469,2000000,4000000
2022-Dec-18 08:15:16.804,91282CFX4,100.347656,1000000,2000000,100.355469,1000000,2000000
2022-Dec-18 08:15:17.806,91282CFX4,100.347656,2000000,4000000,100.363281,2000000,4000000
2022-Dec-18 08:15:18.811,91282CFX4,100.355469,1000000,2000000,100.363281,1000000,2000000
2022-Dec-18 08:15:19.816,91282CFX4,100.355469,2000000,4000000,100.371094,2000000,4000000
2022-Dec-18 08:15:20.820,91282CFX4,100.363281,1000000,2000000,100.371094,1000000,2000000
2022-Dec-18 08:15:21.820,91282CFX4,100.363281,2000000,4000000,100.378906,2000000,4000000
2022-Dec-18 08:15:22.821,91282CFX4,100.371094,1000000,2000000,100.378906,1000000,2000000
2022-Dec-18 08:15:23.821,91282CFX4,100.371094,2000000,4000000,100.386719,2000000,4000000
2022-Dec-18 08:15:24.823,91282CFX4,100.378906,1000000,2000000,100.386719,1000000,2000000
2022-Dec-18 08:15:25.827,91282CFX4,100.378906,2000000,4000000,100.394531,2000000,4000000
2022-Dec-18 08:15:26.832,91282CFX4,100.386719,1000000,2000000,100.394531,1000000,2000000
2022-Dec-18 08:15:27.834,91282CFX4,100.386719,2000000,4000000,100.402344,2000000,4000000
2022-Dec-18 08:15:28.839,91282CFX4,100.394531,1000000,2000000,100.402344,1000000,2000000
2022-Dec-18 08:15:29.843,91282CFX4,100.394531,2000000,4000000,100.410156,2000000,4000000
2022-Dec-18 08:15:30.847,91282CFX4,100.402344,1000000,2000000,100.410156,1000000,2000000
2022-Dec-18 08:15:31.848,91282CFX4,100.402344,2000000,4000000,100.417969,2000000,4000000
2022-Dec-18 08:15:32.852,91282CFX4,100.410156,1000000,2000000,100.417969,1000000,2000000
2022-Dec-18 08:15:33.852,91282CFX4,100.410156,2000000,4000000,100.425781,2000000,4000000
2022-Dec-18 08:15:34.853,91282CFX4,100.417969,1000000,2000000,100.425781,1000000,2000000
2022-Dec-18 08:15:35.853,91282CFX4,100.417969,2000000,4000000,100.433594,2000000,4000000
2022-Dec-18 08:15:36.859,91282CFX4,100.425781,1000000,2000000,100.433594,1000000,2000000
2022-Dec-18 08:15:37.863,91282CFX4,100.425781,2000000,4000000,100.441406,2000000,4000000
2022-Dec-18 08:15:38.867,91282CFX4,100.433594,1000000,2000000,100.441406,1000000,2000000
2022-Dec-18 08:15:39.871,91282CFX4,100.433594,2000000,4000000,100.449219,2000000,4000000
2022-Dec-18 08:15:40.875,91282CFX4,100.441406,1000000,2000000,100.449219,1000000,2000000
2022-Dec-18 08:15:41.877,91282CFX4,100.441406,2000000,4000000,100.457031,2000000,4000000
2022-Dec-18 08:15:42.881,91282CFX4,100.449219,1000000,2000000,100.457031,1000000,2000000
2022-Dec-18 08:15:43.882,91282CFX4,100.449219,2000000,4000000,100.464844,2000000,4000000
2022-Dec-18 08:15:44.883,91282CFX4,100.457031,1000000,2000000,100.464844,1000000,2000000
2022-Dec-18 08:15:45.885,91282CFX4,100.457031,2000000,4000000,100.472656,2000000,4000000
2022-Dec-18 08:15:46.890,91282CFX4,100.464844,1000000,2000000,100.472656,1000000,2000000
2022-Dec-18 08:15:47.894,91282CFX4,100.464844,2000000,4000000,100.480469,2000000,4000000
2022-Dec-18 08:15:48.897,91282CFX4,100.472656,1000000,2000000,100.480469,1000000,2000000
2022-Dec-18 08:15:49.899,91282CFX4,100.472656,2000000,4000000,100.488281,2000000,4000000
2022-Dec-18 08:15:50.902,91282CFX4,100.480469,1000000,2000000,100.488281,1000000,2000000
2022-Dec-18 08:15:51.902,91282CFX4,100.480469,2000000,4000000,100.496094,2000000,4000000
2022-Dec-18 08:15:52.907,91282CFX4,100.488281,1000000,2000000,100.496094,1000000,2000000
2022-Dec-18 08:15:53.910,91282CFX4,100.488281,2000000,4000000,100.503906,2000000,4000000
2022-Dec-18 08:15:54.915,91282CFX4,100.496094,1000000,2000000,100.503906,1000000,2000000
2022-Dec-18 08:15:55.916,91282CFX4,100.496094,2000000,4000000,100.511719,2000000,4000000
2022-Dec-18 08:15:56.918,91282CFX4,100.503906,1000000,2000000,100.511719,1000000,2000000
2022-Dec-18 08:15:57.920,91282CFX4,100.503906,2000000,4000000,100.519531,2000000,4000000
2022-Dec-18 08:15:58.922,91282CFX4,100.511719,1000000,2000000,100.519531,1000000,2000000
2022-Dec-18 08:15:59.922,91282CFX4,100.511719,2000000,4000000,100.527344,2000000,4000000
2022-Dec-18 08:16:00.927,91282CFX4,100.519531,1000000,2000000,100.527344,1000000,2000000
2022-Dec-18 08:16:01.930,91282CFX4,100.519531,2000000,4000000,100.535156,2000000,4000000
2022-Dec-18 08:16:02.931,91282CFX4,100.527344,1000000,2000000,100.535156,1000000,2000000
2022-Dec-18 08:16:03.933,91282CFX4,100.527344,2000000,4000000,100.542969,2000000,4000000
2022-Dec-18 08:16:04.934,91282CFX4,100.535156,1000000,2000000,100.542969,1000000,2000000
2022-Dec-18 08:16:05.939,91282CFX4,100.535156,2000000,4000000,100.550781,2000000,4000000
2022-Dec-18 08:16:06.943,91282CFX4,100.542969,1000000,2000000,100.550781,1000000,2000000
2022-Dec-18 08:16:07.945,91282CFX4,100.542969,2000000,4000000,100.558594,2000000,4000000
2022-Dec-18 08:16:08.946,91282CFX4,100.550781,1000000,2000000,100.558594,1000000,2000000
2022-Dec-18 08:16:09.949,91282CFX4,100.550781,2000000,4000000,100.566406,2000000,4000000
2022-Dec-18 08:16:10.954,91282CFX4,100.558594,1000000,2000000,100.566406,1000000,2000000
2022-Dec-18 08:16:11.957,91282CFX4,100.558594,2000000,4000000,100.574219,2000000,4000000
2022-Dec-18 08:16:12.959,91282CFX4,100.566406,1000000,2000000,100.574219,1000000,2000000
2022-Dec-18 08:16:13.962,91282CFX4,100.566406,2000000,4000000,100.582031,2000000,4000000
2022-Dec-18 08:16:14.963,91282CFX4,100.574219,1000000,2000000,100.582031,1000000,2000000
2022-Dec-18 08:16:15.964,91282CFX4,100.574219,2000000,4000000,100.589844,2000000,4000000
2022-Dec-18 08:16:16.964,91282CFX4,100.582031,1000000,2000000,100.589844,1000000,2000000
2022-Dec-18 08:16:17.965,91282CFX4,100.582031,2000000,4000000,100.597656,2000000,4000000
2022-Dec-18 08:16:18.969,91282CFX4,100.589844,1000000,2000000,100.597656,1000000,2000000
2022-Dec-18 08:16:19.972,91282CFX4,100.589844,2000000,4000000,100.605469,2000000,4000000
2022-Dec-18 08:16:20.976,91282CFX4,100.597656,1000000,2000000,100.605469,1000000,2000000
2022-Dec-18 08:16:21.979,91282CFX4,100.597656,2000000,4000000,100.613281,2000000,4000000
2022-Dec-18 08:16:22.980,91282CFX4,100.605469,1000000,2000000,100.613281,1000000,2000000
2022-Dec-18 08:16:23.981,91282CFX4,100.605469,2000000,4000000,100.621094,2000000,4000000
2022-Dec-18 08:16:24.985,91282CFX4,100.613281,1000000,2000000,100.621094,1000000,2000000
2022-Dec-18 08:16:25.989,91282CFX4,100.613281,2000000,4000000,100.628906,2000000,4000000
2022-Dec-18 08:16:26.994,91282CFX4,100.621094,1000000,2000000,100.628906,1000000,2000000
2022-Dec-18 08:16:27.995,91282CFX4,100.621094,2000000,4000000,100.636719,2000000,4000000
2022-Dec-18 08:16:28.996,91282CFX4,100.628906,1000000,2000000,100.636719,1000000,2000000
2022-Dec-18 08:16:29.996,91282CFX4,100.628906,2000000,4000000,100.644531,2000000,4000000
2022-Dec-18 08:16:31.001,91282CFX4,100.636719,1000000,2000000,100.644531,1000000,2000000
2022-Dec-18 08:16:32.003,91282CFX4,100.636719,2000000,4000000,100.652344,2000000,4000000
2022-Dec-18 08:16:33.007,91282CFX4,100.644531,1000000,2000000,100.652344,1000000,2000000
2022-Dec-18 08:16:34.012,91282CFX4,100.644531,2000000,4000000,100.660156,2000000,4000000
2022-Dec-18 08:16:35.012,91282CFX4,100.652344,1000000,2000000,100.660156,1000000,2000000
2022-Dec-18 08:16:36.013,91282CFX4,100.652344,2000000,4000000,100.667969,2000000,4000000
2022-Dec-18 08:16:37.013,91282CFX4,100.660156,1000000,2000000,100.667969,1000000,2000000
2022-Dec-18 08:16:38.014,91282CFX4,100.660156,2000000,4000000,100.675781,2000000,4000000
2022-Dec-18 08:16:39.016,91282CFX4,100.667969,1000000,2000000,100.675781,1000000,2000000
2022-Dec-18 08:16:40.018,91282CFX4,100.667969,2000000,4000000,100.683594,2000000,4000000
2022-Dec-18 08:16:41.020,91282CFX4,100.675781,1000000,2000000,100.683594,1000000,2000000
2022-Dec-18 08:16:42.025,91282CFX4,100.675781,2000000,4000000,100.691406,2000000,4000000
2022-Dec-18 08:16:43.028,91282CFX4,100.683594,1000000,2000000,100.691406,1000000,2000000
2022-Dec-18 08:16:44.032,91282CFX4,100.683594,2000000,4000000,100.699219,2000000,4000000
2022-Dec-18 08:16:45.037,91282CFX4,100.691406,1000000,2000000,100.699219,1000000,2000000
2022-Dec-18 08:16:46.038,91282CFX4,100.691406,2000000,4000000,100.707031,2000000,4000000
2022-Dec-18 08:16:47.040,91282CFX4,100.699219,1000000,2000000,100.707031,1000000,2000000
2022-Dec-18 08:16:48.044,91282CFX4,100.699219,2000000,4000000,100.714844,2000000,4000000
2022-Dec-18 08:16:49.045,91282CFX4,100.707031,1000000,2000000,100.714844,1000000,2000000
2022-Dec-18 08:16:50.049,91282CFX4,100.707031,2000000,4000000,100.722656,2000000,4000000
2022-Dec-18 08:16:51.050,91282CFX4,100.714844,1000000,2000000,100.722656,1000000,2000000
2022-Dec-18 08:16:52.051,91282CFX4,100.714844,2000000,4000000,100.730469,2000000,4000000
2022-Dec-18 08:16:53.051,91282CFX4,100.722656,1000000,2000000,100.730469,1000000,2000000
2022-Dec-18 08:16:54.053,91282CFX4,100.722656,2000000,4000000,100.738281,2000000,4000000
2022-Dec-18 08:16:55.056,91282CFX4,100.730469,1000000,2000000,100.738281,1000000,2000000
2022-Dec-18 08:16:56.059,91282CFX4,100.730469,2000000,4000000,100.746094,2000000,4000000
2022-Dec-18 08:16:57.064,91282CFX4,100.738281,1000000,2000000,100.746094,1000000,2000000
2022-Dec-18 08:16:58.064,91282CFX4,100.738281,2000000,4000000,100.753906,2000000,4000000
2022-Dec-18 08:16:59.066,91282CFX4,100.746094,1000000,2000000,100.753906,1000000,2000000
2022-Dec-18 08:17:00.071,91282CFX4,100.746094,2000000,4000000,100.761719,2000000,4000000
2022-Dec-18 08:17:01.075,91282CFX4,100.753906,1000000,2000000,100.761719,1000000,2000000
2022-Dec-18 08:17:02.077,91282CFX4,100.753906,2000000,4000000,100.769531,2000000,4000000
2022-Dec-18 08:17:03.079,91282CFX4,100.761719,1000000,2000000,100.769531,1000000,2000000
2022-Dec-18 08:17:04.079,91282CFX4,100.761719,2000000,4000000,100.777344,2000000,4000000
2022-Dec-18 08:17:05.080,91282CFX4,100.769531,1000000,2000000,100.777344,1000000,2000000
2022-Dec-18 08:17:06.080,91282CFX4,100.769531,2000000,4000000,100.785156,2000000,4000000
2022-Dec-18 08:17:07.085,91282CFX4,100.777344,1000000,2000000,100.785156,1000000,2000000
2022-Dec-18 08:17:08.088,91282CFX4,100.777344,2000000,4000000,100.792969,2000000,4000000
2022-Dec-18 08:17:09.091,91282CFX4,100.785156,1000000,2000000,100.792969,1000000,2000000
2022-Dec-18 08:17:10.094,91282CFX4,100.785156,2000000,4000000,100.800781,2000000,4000000
2022-Dec-18 08:17:11.095,91282CFX4,100.792969,1000000,2000000,100.800781,1000000,2000000
2022-Dec-18 08:17:12.097,91282CFX4,100.792969,2000000,4000000,100.808594,2000000,4000000
2022-Dec-18 08:17:13.099,91282CFX4,100.800781,1000000,2000000,100.808594,1000000,2000000
2022-Dec-18 08:17:14.104,91282CFX4,100.800781,2000000,4000000,100.816406,2000000,4000000
2022-Dec-18 08:17:15.107,91282CFX4,100.808594,1000000,2000000,100.816406,1000000,2000000
2022-Dec-18 08:17:16.110,91282CFX4,100.808594,2000000,4000000,100.824219,2000000,4000000
2022-Dec-18 08:17:17.113,91282CFX4,100.816406,1000000,2000000,100.824219,1000000,2000000
2022-Dec-18 08:17:18.118,91282CFX4,100.816406,2000000,4000000,100.832031,2000000,4000000
2022-Dec-18 08:17:19.118,91282CFX4,100.824219,1000000,2000000,100.832031,1000000,2000000
2022-Dec-18 08:17:20.120,91282CFX4,100.824219,2000000,4000000,100.839844,2000000,4000000
2022-Dec-18 08:17:21.124,91282CFX4,100.832031,1000000,2000000,100.839844,1000000,2000000
2022-Dec-18 08:17:22.128,91282CFX4,100.832031,2000000,4000000,100.847656,2000000,4000000
2022-Dec-18 08:17:23.134,91282CFX4,100.839844,1000000,2000000,100.847656,1000000,2000000
2022-Dec-18 08:17:24.136,91282CFX4,100.839844,2000000,4000000,100.855469,2000000,4000000
2022-Dec-18 08:17:25.136,91282CFX4,100.847656,1000000,2000000,100.855469,1000000,2000000
2022-Dec-18 08:17:26.141,91282CFX4,100.847656,2000000,4000000,100.863281,2000000,4000000
2022-Dec-18 08:17:27.143,91282CFX4,100.855469,1000000,2000000,100.863281,1000000,2000000
2022-Dec-18 08:17:28.149,91282CFX4,100.855469,2000000,4000000,100.871094,2000000,4000000
2022-Dec-18 08:17:29.152,91282CFX4,100.863281,1000000,2000000,100.871094,1000000,2000000
2022-Dec-18 08:17:30.155,91282CFX4,100.863281,2000000,4000000,100.878906,2000000,4000000
2022-Dec-18 08:17:31.156,91282CFX4,100.871094,1000000,2000000,100.878906,1000000,2000000
2022-Dec-18 08:17:32.161,91282CFX4,100.871094,2000000,4000000,100.886719,2000000,4000000
2022-Dec-18 08:17:33.165,91282CFX4,100.878906,1000000,2000000,100.886719,1000000,2000000
2022-Dec-18 08:17:34.167,91282CFX4,100.878906,2000000,4000000,100.894531,2000000,4000000
2022-Dec-18 08:17:35.168,91282CFX4,100.886719,1000000,2000000,100.894531,1000000,2000000
2022-Dec-18 08:17:36.168,91282CFX4,100.886719,2000000,4000000,100.902344,2000000,4000000
2022-Dec-18 08:17:37.171,91282CFX4,100.894531,1000000,2000000,100.902344,1000000,2000000
2022-Dec-18 08:17:38.175,91282CFX4,100.894531,2000000,4000000,100.910156,2000000,4000000
2022-Dec-18 08:17:39.176,91282CFX4,100.902344,1000000,2000000,100.910156,1000000,2000000
2022-Dec-18 08:17:40.176,91282CFX4,100.902344,2000000,4000000,100.917969,2000000,4000000
2022-Dec-18 08:17:41.179,91282CFX4,100.910156,1000000,2000000,100.917969,1000000,2000000
2022-Dec-18 08:17:42.179,91282CFX4,100.910156,2000000,4000000,100.925781,2000000,4000000
2022-Dec-18 08:17:43.179,91282CFX4,100.917969,1000000,2000000,100.925781,1000000,2000000
2022-Dec-18 08:17:44.182,91282CFX4,100.917969,2000000,4000000,100.933594,2000000,4000000
2022-Dec-18 08:17:45.182,91282CFX4,100.925781,1000000,2000000,100.933594,1000000,2000000
2022-Dec-18 08:17:46.184,91282CFX4,100.925781,2000000,4000000,100.941406,2000000,4000000
2022-Dec-18 08:17:47.185,91282CFX4,100.933594,1000000,2000000,100.941406,1000000,2000000
2022-Dec-18 08:17:48.186,91282CFX4,100.933594,2000000,4000000,100.949219,2000000,4000000
2022-Dec-18 08:17:49.190,91282CFX4,100.941406,1000000,2000000,100.949219,1000000,2000000
2022-Dec-18 08:17:50.193,91282CFX4,100.941406,2000000,4000000,100.957031,2000000,4000000
2022-Dec-18 08:17:51.194,91282CFX4,100.949219,1000000,2000000,100.957031,1000000,2000000
2022-Dec-18 08:17:52.195,91282CFX4,100.949219,2000000,4000000,100.964844,2000000,4000000
2022-Dec-18 08:17:53.199,91282CFX4,100.957031,1000000,2000000,100.964844,1000000,2000000
2022-Dec-18 08:17:54.201,91282CFX4,100.957031,2000000,4000000,100.972656,2000000,4000000
2022-Dec-18 08:17:55.201,91282CFX4,100.964844,1000000,2000000,100.972656,1000000,2000000
2022-Dec-18 08:17:56.204,91282CFX4,100.964844,2000000,4000000,100.980469,2000000,4000000
2022-Dec-18 08:17:57.206,91282CFX4,100.972656,1000000,2000000,100.980469,1000000,2000000
2022-Dec-18 08:17:58.209,91282CFX4,100.972656,2000000,4000000,100.988281,2000000,4000000
2022-Dec-18 08:17:59.213,91282CFX4,100.980469,1000000,2000000,100.988281,1000000,2000000
2022-Dec-18 08:18:00.218,91282CFX4,100.980469,2000000,4000000,100.996094,2000000,4000000
2022-Dec-18 08:18:01.221,91282CFX4,100.988281,1000000,2000000,100.996094,1000000,2000000
2022-Dec-18 08:18:02.223,91282CFX4,100.988281,2000000,4000000,101.003906,2000000,4000000
2022-Dec-18 08:18:03.226,91282CFX4,100.996094,1000000,2000000,101.003906,1000000,2000000
2022-Dec-18 08:18:04.226,91282CFX4,100.988281,2000000,4000000,101.003906,2000000,4000000
2022-Dec-18 08:18:05.230,91282CFX4,100.988281,1000000,2000000,100.996094,1000000,2000000
2022-Dec-18 08:18:06.233,91282CFX4,100.980469,2000000,4000000,100.996094,2000000,4000000
2022-Dec-18 08:18:07.235,91282CFX4,100.980469,1000000,2000000,100.988281,1000000,2000000
2022-Dec-18 08:18:08.237,91282CFX4,100.972656,2000000,4000000,100.988281,2000000,4000000
2022-Dec-18 08:18:09.240,91282CFX4,100.972656,1000000,2000000,100.980469,1000000,2000000
2022-Dec-18 08:18:10.242,91282CFX4,100.964844,2000000,4000000,100.980469,2000000,4000000
2022-Dec-18 08:18:11.245,91282CFX4,100.964844,1000000,2000000,100.972656,1000000,2000000
2022-Dec-18 08:18:12.248,91282CFX4,100.957031,2000000,4000000,100.972656,2000000,4000000
2022-Dec-18 08:18:13.254,91282CFX4,100.957031,1000000,2000000,100.964844,1000000,2000000
2022-Dec-18 08:18:14.256,91282CFX4,100.949219,2000000,4000000,100.964844,2000000,4000000
2022-Dec-18 08:18:15.256,91282CFX4,100.949219,1000000,2000000,100.957031,1000000,2000000
2022-Dec-18 08:18:16.260,91282CFX4,100.941406,2000000,4000000,100.957031,2000000,4000000
2022-Dec-18 08:18:17.264,91282CFX4,100.941406,1000000,2000000,100.949219,1000000,2000000
2022-Dec-18 08:18:18.265,91282CFX4,100.933594,2000000,4000000,100.949219,2000000,4000000
2022-Dec-18 08:18:19.269,91282CFX4,100.933594,1000000,2000000,100.941406,1000000,2000000
2022-Dec-18 08:18:20.274,91282CFX4,100.925781,2000000,4000000,100.941406,2000000,4000000
2022-Dec-18 08:18:21.278,91282CFX4,100.925781,1000000,2000000,100.933594,1000000,2000000
2022-Dec-18 08:18:22.280,91282CFX4,100.917969,2000000,4000000,100.933594,2000000,4000000
2022-Dec-18 08:18:23.285,91282CFX4,100.917969,1000000,2000000,100.925781,1000000,2000000
2022-Dec-18 08:18:24.290,91282CFX4,100.910156,2000000,4000000,100.925781,2000000,4000000
2022-Dec-18 08:18:25.293,91282CFX4,100.910156,1000000,2000000,100.917969,1000000,2000000
2022-Dec-18 08:18:26.293,91282CFX4,100.902344,2000000,4000000,100.917969,2000000,4000000
2022-Dec-18 08:18:27.294,91282CFX4,100.902344,1000000,2000000,100.910156,1000000,2000000
2022-Dec-18 08:18:28.294,91282CFX4,100.894531,2000000,4000000,100.910156,2000000,4000000
2022-Dec-18 08:18:29.297,91282CFX4,100.894531,1000000,2000000,100.902344,1000000,2000000
2022-Dec-18 08:18:30.300,91282CFX4,100.886719,2000000,4000000,100.902344,2000000,4000000
2022-Dec-18 08:18:31.303,91282CFX4,100.886719,1000000,2000000,100.894531,1000000,2000000
2022-Dec-18 08:18:32.306,91282CFX4,100.878906,2000000,4000000,100.894531,2000000,4000000
2022-Dec-18 08:18:33.308,91282CFX4,100.878906,1000000,2000000,100.886719,1000000,2000000
2022-Dec-18 08:18:34.309,91282CFX4,100.871094,2000000,4000000,100.886719,2000000,4000000
2022-Dec-18 08:18:35.312,91282CFX4,100.871094,1000000,2000000,100.878906,1000000,2000000
2022-Dec-18 08:18:36.313,91282CFX4,100.863281,2000000,4000000,100.878906,2000000,4000000
2022-Dec-18 08:18:37.313,91282CFX4,100.863281,1000000,2000000,100.871094,1000000,2000000
2022-Dec-18 08:18:38.313,91282CFX4,100.855469,2000000,4000000,100.871094,2000000,4000000
2022-Dec-18 08:18:39.314,91282CFX4,100.855469,1000000,2000000,100.863281,1000000,2000000
2022-Dec-18 08:18:40.315,91282CFX4,100.847656,2000000,4000000,100.863281,2000000,4000000
2022-Dec-18 08:18:41.315,91282CFX4,100.847656,1000000,2000000,100.855469,1000000,2000000
2022-Dec-18 08:18:42.318,91282CFX4,100.839844,2000000,4000000,100.855469,2000000,4000000
2022-Dec-18 08:18:43.322,91282CFX4,100.839844,1000000,2000000,100.847656,1000000,2000000
2022-Dec-18 08:18:44.323,91282CFX4,100.832031,2000000,4000000,100.847656,2000000,4000000
2022-Dec-18 08:18:45.325,91282CFX4,100.832031,1000000,2000000,100.839844,1000000,2000000
2022-Dec-18 08:18:46.329,91282CFX4,100.824219,2000000,4000000,100.839844,2000000,4000000
2022-Dec-18 08:18:47.332,91282CFX4,100.824219,1000000,2000000,100.832031,1000000,2000000
2022-Dec-18 08:18:48.333,91282CFX4,100.816406,2000000,4000000,100.832031,2000000,4000000
2022-Dec-18 08:18:49.336,91282CFX4,100.816406,1000000,2000000,100.824219,1000000,2000000
2022-Dec-18 08:18:50.338,91282CFX4,100.808594,2000000,4000000,100.824219,2000000,4000000
2022-Dec-18 08:18:51.343,91282CFX4,100.808594,1000000,2000000,100.816406,1000000,2000000
2022-Dec-18 08:18:52.343,91282CFX4,100.800781,2000000,4000000,100.816406,2000000,4000000
2022-Dec-18 08:18:53.348,91282CFX4,100.800781,1000000,2000000,100.808594,1000000,2000000
2022-Dec-18 08:18:54.350,91282CFX4,100.792969,2000000,4000000,100.808594,2000000,4000000
2022-Dec-18 08:18:55.355,91282CFX4,100.792969,1000000,2000000,100.800781,1000000,2000000
2022-Dec-18 08:18:56.358,91282CFX4,100.785156,2000000,4000000,100.800781,2000000,4000000
2022-Dec-18 08:18:57.359,91282CFX4,100.785156,1000000,2000000,100.792969,1000000,2000000
2022-Dec-18 08:18:58.359,91282CFX4,100.777344,2000000,4000000,100.792969,2000000,4000000
2022-Dec-18 08:18:59.359,91282CFX4,100.777344,1000000,2000000,100.785156,1000000,2000000
2022-Dec-18 08:19:00.363,91282CFX4,100.769531,2000000,4000000,100.785156,2000000,4000000
2022-Dec-18 08:19:01.369,91282CFX4,100.769531,1000000,2000000,100.777344,1000000,2000000
2022-Dec-18 08:19:02.372,91282CFX4,100.761719,2000000,4000000,100.777344,2000000,4000000
2022-Dec-18 08:19:03.375,91282CFX4,100.761719,1000000,2000000,100.769531,1000000,2000000
2022-Dec-18 08:19:04.375,91282CFX4,100.753906,2000000,4000000,100.769531,2000000,4000000
2022-Dec-18 08:19:05.376,91282CFX4,100.753906,1000000,2000000,100.761719,1000000,2000000
2022-Dec-18 08:19:06.377,91282CFX4,100.746094,2000000,4000000,100.761719,2000000,4000000
2022-Dec-18 08:19:07.379,91282CFX4,100.746094,1000000,2000000,100.753906,1000000,2000000
2022-Dec-18 08:19:08.380,91282CFX4,100.738281,2000000,4000000,100.753906,2000000,4000000
2022-Dec-18 08:19:09.381,91282CFX4,100.738281,1000000,2000000,100.746094,1000000,2000000
2022-Dec-18 08:19:10.382,91282CFX4,100.730469,2000000,4000000,100.746094,2000000,4000000
2022-Dec-18 08:19:11.382,91282CFX4,100.730469,1000000,2000000,100.738281,1000000,2000000
2022-Dec-18 08:19:12.383,91282CFX4,100.722656,2000000,4000000,100.738281,2000000,4000000
2022-Dec-18 08:19:13.387,91282CFX4,100.722656,1000000,2000000,100.730469,1000000,2000000
2022-Dec-18 08:19:14.391,91282CFX4,100.714844,2000000,4000000,100.730469,2000000,4000000
2022-Dec-18 08:19:15.395,91282CFX4,100.714844,1000000,2000000,100.722656,1000000,2000000
2022-Dec-18 08:19:16.400,91282CFX4,100.707031,2000000,4000000,100.722656,2000000,4000000
2022-Dec-18 08:19:17.405,91282CFX4,100.707031,1000000,2000000,100.714844,1000000,2000000
2022-Dec-18 08:19:18.408,91282CFX4,100.699219,2000000,4000000,100.714844,2000000,4000000
2022-Dec-18 08:19:19.411,91282CFX4,100.699219,1000000,2000000,100.707031,1000000,2000000
2022-Dec-18 08:19:20.413,91282CFX4,100.691406,2000000,4000000,100.707031,2000000,4000000
2022-Dec-18 08:19:21.414,91282CFX4,100.691406,1000000,2000000,100.699219,1000000,2000000
