time,product_id,bid_price,bid_visible_quantity,bid_hidden_quantity,offer_price,offer_visible_quantity,offer_hidden_quantity
2022-Dec-22 19:02:39.695,91282CFX4,98.996094,1000000,2000000,99.003906,1000000,2000000
2022-Dec-22 19:02:39.749,91282CFX4,98.996094,2000000,4000000,99.011719,2000000,4000000
2022-Dec-22 19:02:39.800,91282CFX4,99.003906,1000000,2000000,99.011719,1000000,2000000
2022-Dec-22 19:02:39.851,91282CFX4,99.003906,2000000,4000000,99.019531,2000000,4000000
2022-Dec-22 19:02:39.902,91282CFX4,99.011719,1000000,2000000,99.019531,1000000,2000000
2022-Dec-22 19:02:40.011,91282CFX4,99.011719,2000000,4000000,99.027344,2000000,4000000
2022-Dec-22 19:02:40.011,91282CFX4,99.019531,1000000,2000000,99.027344,1000000,2000000
2022-Dec-22 19:02:40.058,91282CFX4,99.019531,2000000,4000000,99.035156,2000000,4000000
2022-Dec-22 19:02:40.108,91282CFX4,99.027344,1000000,2000000,99.035156,1000000,2000000
2022-Dec-22 19:02:40.161,91282CFX4,99.027344,2000000,4000000,99.042969,2000000,4000000
2022-Dec-22 19:02:40.211,91282CFX4,99.035156,1000000,2000000,99.042969,1000000,2000000
2022-Dec-22 19:02:40.263,91282CFX4,99.035156,2000000,4000000,99.050781,2000000,4000000
2022-Dec-22 19:02:40.316,91282CFX4,99.042969,1000000,2000000,99.050781,1000000,2000000
2022-Dec-22 19:02:40.371,91282CFX4,99.042969,2000000,4000000,99.058594,2000000,4000000
2022-Dec-22 19:02:40.424,91282CFX4,99.050781,1000000,2000000,99.058594,1000000,2000000
2022-Dec-22 19:02:40.478,91282CFX4,99.050781,2000000,4000000,99.066406,2000000,4000000
2022-Dec-22 19:02:40.532,91282CFX4,99.058594,1000000,2000000,99.066406,1000000,2000000
2022-Dec-22 19:02:40.583,91282CFX4,99.058594,2000000,4000000,99.074219,2000000,4000000
2022-Dec-22 19:02:40.633,91282CFX4,99.066406,1000000,2000000,99.074219,1000000,2000000
2022-Dec-22 19:02:40.684,91282CFX4,99.066406,2000000,4000000,99.082031,2000000,4000000
2022-Dec-22 19:02:40.735,91282CFX4,99.074219,1000000,2000000,99.082031,1000000,2000000
2022-Dec-22 19:02:40.787,91282CFX4,99.074219,2000000,4000000,99.089844,2000000,4000000
2022-Dec-22 19:02:40.841,91282CFX4,99.082031,1000000,2000000,99.089844,1000000,2000000
2022-Dec-22 19:02:40.895,91282CFX4,99.082031,2000000,4000000,99.097656,2000000,4000000
2022-Dec-22 19:02:40.947,91282CFX4,99.089844,1000000,2000000,99.097656,1000000,2000000
2022-Dec-22 19:02:41.000,91282CFX4,99.089844,2000000,4000000,99.105469,2000000,4000000
2022-Dec-22 19:02:41.050,91282CFX4,99.097656,1000000,2000000,99.105469,1000000,2000000
2022-Dec-22 19:02:41.103,91282CFX4,99.097656,2000000,4000000,99.113281,2000000,4000000
2022-Dec-22 19:02:41.158,91282CFX4,99.105469,1000000,2000000,99.113281,1000000,2000000
2022-Dec-22 19:02:41.209,91282CFX4,99.105469,2000000,4000000,99.121094,2000000,4000000
2022-Dec-22 19:02:41.259,91282CFX4,99.113281,1000000,2000000,99.121094,1000000,2000000
2022-Dec-22 19:02:41.310,91282CFX4,99.113281,2000000,4000000,99.128906,2000000,4000000
2022-Dec-22 19:02:41.360,91282CFX4,99.121094,1000000,2000000,99.128906,1000000,2000000
2022-Dec-22 19:02:41.410,91282CFX4,99.121094,2000000,4000000,99.136719,2000000,4000000
2022-Dec-22 19:02:41.461,91282CFX4,99.128906,1000000,2000000,99.136719,1000000,2000000
2022-Dec-22 19:02:41.515,91282CFX4,99.128906,2000000,4000000,99.144531,2000000,4000000
2022-Dec-22 19:02:41.569,91282CFX4,99.136719,1000000,2000000,99.144531,1000000,2000000
2022-Dec-22 19:02:41.620,91282CFX4,99.136719,2000000,4000000,99.152344,2000000,4000000
2022-Dec-22 19:02:41.672,91282CFX4,99.144531,1000000,2000000,99.152344,1000000,2000000
2022-Dec-22 19:02:41.724,91282CFX4,99.144531,2000000,4000000,99.160156,2000000,4000000
2022-Dec-22 19:02:41.775,91282CFX4,99.152344,1000000,2000000,99.160156,1000000,2000000
2022-Dec-22 19:02:41.826,91282CFX4,99.152344,2000000,4000000,99.167969,2000000,4000000
2022-Dec-22 19:02:41.881,91282CFX4,99.160156,1000000,2000000,99.167969,1000000,2000000
2022-Dec-22 19:02:41.934,91282CFX4,99.160156,2000000,4000000,99.175781,2000000,4000000
2022-Dec-22 19:02:41.984,91282CFX4,99.167969,1000000,2000000,99.175781,1000000,2000000
2022-Dec-22 19:02:42.034,91282CFX4,99.167969,2000000,4000000,99.183594,2000000,4000000
2022-Dec-22 19:02:42.084,91282CFX4,99.175781,1000000,2000000,99.183594,1000000,2000000
2022-Dec-22 19:02:42.135,91282CFX4,99.175781,2000000,4000000,99.191406,2000000,4000000
2022-Dec-22 19:02:42.189,91282CFX4,99.183594,1000000,2000000,99.191406,1000000,2000000
2022-Dec-22 19:02:42.240,91282CFX4,99.183594,2000000,4000000,99.199219,2000000,4000000
2022-Dec-22 19:02:42.290,91282CFX4,99.191406,1000000,2000000,99.199219,1000000,2000000
2022-Dec-22 19:02:42.343,91282CFX4,99.191406,2000000,4000000,99.207031,2000000,4000000
2022-Dec-22 19:02:42.393,91282CFX4,99.199219,1000000,2000000,99.207031,1000000,2000000
2022-Dec-22 19:02:42.443,91282CFX4,99.199219,2000000,4000000,99.214844,2000000,4000000
2022-Dec-22 19:02:42.498,91282CFX4,99.207031,1000000,2000000,99.214844,1000000,2000000
2022-Dec-22 19:02:42.549,91282CFX4,99.207031,2000000,4000000,99.222656,2000000,4000000
2022-Dec-22 19:02:42.603,91282CFX4,99.214844,1000000,2000000,99.222656,1000000,2000000
2022-Dec-22 19:02:42.657,91282CFX4,99.214844,2000000,4000000,99.230469,2000000,4000000
2022-Dec-22 19:02:42.711,91282CFX4,99.222656,1000000,2000000,99.230469,1000000,2000000
2022-Dec-22 19:02:42.765,91282CFX4,99.222656,2000000,4000000,99.238281,2000000,4000000
2022-Dec-22 19:02:42.815,91282CFX4,99.230469,1000000,2000000,99.238281,1000000,2000000
2022-Dec-22 19:02:42.865,91282CFX4,99.230469,2000000,4000000,99.246094,2000000,4000000
2022-Dec-22 19:02:42.920,91282CFX4,99.238281,1000000,2000000,99.246094,1000000,2000000
2022-Dec-22 19:02:42.974,91282CFX4,99.238281,2000000,4000000,99.253906,2000000,4000000
2022-Dec-22 19:02:43.028,91282CFX4,99.246094,1000000,2000000,99.253906,1000000,2000000
2022-Dec-22 19:02:43.078,91282CFX4,99.246094,2000000,4000000,99.261719,2000000,4000000
2022-Dec-22 19:02:43.128,91282CFX4,99.253906,1000000,2000000,99.261719,1000000,2000000
2022-Dec-22 19:02:43.179,91282CFX4,99.253906,2000000,4000000,99.269531,2000000,4000000
2022-Dec-22 19:02:43.234,91282CFX4,99.261719,1000000,2000000,99.269531,1000000,2000000
2022-Dec-22 19:02:43.286,91282CFX4,99.261719,2000000,4000000,99.277344,2000000,4000000
2022-Dec-22 19:02:43.341,91282CFX4,99.269531,1000000,2000000,99.277344,1000000,2000000
2022-Dec-22 19:02:43.395,91282CFX4,99.269531,2000000,4000000,99.285156,2000000,4000000
2022-Dec-22 19:02:43.447,91282CFX4,99.277344,1000000,2000000,99.285156,1000000,2000000
2022-Dec-22 19:02:43.501,91282CFX4,99.277344,2000000,4000000,99.292969,2000000,4000000
2022-Dec-22 19:02:43.555,91282CFX4,99.285156,1000000,2000000,99.292969,1000000,2000000
2022-Dec-22 19:02:43.609,91282CFX4,99.285156,2000000,4000000,99.300781,2000000,4000000
2022-Dec-22 19:02:43.663,91282CFX4,99.292969,1000000,2000000,99.300781,1000000,2000000
2022-Dec-22 19:02:43.716,91282CFX4,99.292969,2000000,4000000,99.308594,2000000,4000000
2022-Dec-22 19:02:43.770,91282CFX4,99.300781,1000000,2000000,99.308594,1000000,2000000
2022-Dec-22 19:02:43.820,91282CFX4,99.300781,2000000,4000000,99.316406,2000000,4000000
2022-Dec-22 19:02:43.874,91282CFX4,99.308594,1000000,2000000,99.316406,1000000,2000000
2022-Dec-22 19:02:43.926,91282CFX4,99.308594,2000000,4000000,99.324219,2000000,4000000
2022-Dec-22 19:02:43.980,91282CFX4,99.316406,1000000,2000000,99.324219,1000000,2000000
2022-Dec-22 19:02:44.035,91282CFX4,99.316406,2000000,4000000,99.332031,2000000,4000000
2022-Dec-22 19:02:44.085,91282CFX4,99.324219,1000000,2000000,99.332031,1000000,2000000
2022-Dec-22 19:02:44.139,91282CFX4,99.324219,2000000,4000000,99.339844,2000000,4000000
2022-Dec-22 19:02:44.189,91282CFX4,99.332031,1000000,2000000,99.339844,1000000,2000000
2022-Dec-22 19:02:44.240,91282CFX4,99.332031,2000000,4000000,99.347656,2000000,4000000
2022-Dec-22 19:02:44.295,91282CFX4,99.339844,1000000,2000000,99.347656,1000000,2000000
2022-Dec-22 19:02:44.350,91282CFX4,99.339844,2000000,4000000,99.355469,2000000,4000000
2022-Dec-22 19:02:44.404,91282CFX4,99.347656,1000000,2000000,99.355469,1000000,2000000
2022-Dec-22 19:02:44.455,91282CFX4,99.347656,2000000,4000000,99.363281,2000000,4000000
2022-Dec-22 19:02:44.505,91282CFX4,99.355469,1000000,2000000,99.363281,1000000,2000000
2022-Dec-22 19:02:44.558,91282CFX4,99.355469,2000000,4000000,99.371094,2000000,4000000
2022-Dec-22 19:02:44.608,91282CFX4,99.363281,1000000,2000000,99.371094,1000000,2000000
2022-Dec-22 19:02:44.662,91282CFX4,99.363281,2000000,4000000,99.378906,2000000,4000000
2022-Dec-22 19:02:44.712,91282CFX4,99.371094,1000000,2000000,99.378906,1000000,2000000
2022-Dec-22 19:02:44.767,91282CFX4,99.371094,2000000,4000000,99.386719,2000000,4000000
2022-Dec-22 19:02:44.820,91282CFX4,99.378906,1000000,2000000,99.386719,1000000,2000000
2022-Dec-22 19:02:44.874,91282CFX4,99.378906,2000000,4000000,99.394531,2000000,4000000
2022-Dec-22 19:02:44.928,91282CFX4,99.386719,1000000,2000000,99.394531,1000000,2000000
2022-Dec-22 19:02:44.982,91282CFX4,99.386719,2000000,4000000,99.402344,2000000,4000000
2022-Dec-22 19:02:45.031,91282CFX4,99.394531,1000000,2000000,99.402344,1000000,2000000
2022-Dec-22 19:02:45.081,91282CFX4,99.394531,2000000,4000000,99.410156,2000000,4000000
2022-Dec-22 19:02:45.135,91282CFX4,99.402344,1000000,2000000,99.410156,1000000,2000000
2022-Dec-22 19:02:45.188,91282CFX4,99.402344,2000000,4000000,99.417969,2000000,4000000
2022-Dec-22 19:02:45.239,91282CFX4,99.410156,1000000,2000000,99.417969,1000000,2000000
2022-Dec-22 19:02:45.291,91282CFX4,99.410156,2000000,4000000,99.425781,2000000,4000000
2022-Dec-22 19:02:45.345,91282CFX4,99.417969,1000000,2000000,99.425781,1000000,2000000
2022-Dec-22 19:02:45.395,91282CFX4,99.417969,2000000,4000000,99.433594,2000000,4000000
2022-Dec-22 19:02:45.445,91282CFX4,99.425781,1000000,2000000,99.433594,1000000,2000000
2022-Dec-22 19:02:45.498,91282CFX4,99.425781,2000000,4000000,99.441406,2000000,4000000
2022-Dec-22 19:02:45.551,91282CFX4,99.433594,1000000,2000000,99.441406,1000000,2000000
2022-Dec-22 19:02:45.602,91282CFX4,99.433594,2000000,4000000,99.449219,2000000,4000000
2022-Dec-22 19:02:45.654,91282CFX4,99.441406,1000000,2000000,99.449219,1000000,2000000
2022-Dec-22 19:02:45.708,91282CFX4,99.441406,2000000,4000000,99.457031,2000000,4000000
2022-Dec-22 19:02:45.762,91282CFX4,99.449219,1000000,2000000,99.457031,1000000,2000000
2022-Dec-22 19:02:45.814,91282CFX4,99.449219,2000000,4000000,99.464844,2000000,4000000
2022-Dec-22 19:02:45.867,91282CFX4,99.457031,1000000,2000000,99.464844,1000000,2000000
2022-Dec-22 19:02:45.920,91282CFX4,99.457031,2000000,4000000,99.472656,2000000,4000000
2022-Dec-22 19:02:45.975,91282CFX4,99.464844,1000000,2000000,99.472656,1000000,2000000
2022-Dec-22 19:02:46.028,91282CFX4,99.464844,2000000,4000000,99.480469,2000000,4000000
2022-Dec-22 19:02:46.078,91282CFX4,99.472656,1000000,2000000,99.480469,1000000,2000000
2022-Dec-22 19:02:46.131,91282CFX4,99.472656,2000000,4000000,99.488281,2000000,4000000
2022-Dec-22 19:02:46.184,91282CFX4,99.480469,1000000,2000000,99.488281,1000000,2000000
2022-Dec-22 19:02:46.237,91282CFX4,99.480469,2000000,4000000,99.496094,2000000,4000000
2022-Dec-22 19:02:46.291,91282CFX4,99.488281,1000000,2000000,99.496094,1000000,2000000
2022-Dec-22 19:02:46.342,91282CFX4,99.488281,2000000,4000000,99.503906,2000000,4000000
2022-Dec-22 19:02:46.395,91282CFX4,99.496094,1000000,2000000,99.503906,1000000,2000000
2022-Dec-22 19:02:46.445,91282CFX4,99.496094,2000000,4000000,99.511719,2000000,4000000
2022-Dec-22 19:02:46.496,91282CFX4,99.503906,1000000,2000000,99.511719,1000000,2000000
2022-Dec-22 19:02:46.550,91282CFX4,99.503906,2000000,4000000,99.519531,2000000,4000000
2022-Dec-22 19:02:46.603,91282CFX4,99.511719,1000000,2000000,99.519531,1000000,2000000
2022-Dec-22 19:02:46.656,91282CFX4,99.511719,2000000,4000000,99.527344,2000000,4000000
2022-Dec-22 19:02:46.709,91282CFX4,99.519531,1000000,2000000,99.527344,1000000,2000000
2022-Dec-22 19:02:46.763,91282CFX4,99.519531,2000000,4000000,99.535156,2000000,4000000
2022-Dec-22 19:02:46.817,91282CFX4,99.527344,1000000,2000000,99.535156,1000000,2000000
2022-Dec-22 19:02:46.870,91282CFX4,99.527344,2000000,4000000,99.542969,2000000,4000000
2022-Dec-22 19:02:46.924,91282CFX4,99.535156,1000000,2000000,99.542969,1000000,2000000
2022-Dec-22 19:02:46.978,91282CFX4,99.535156,2000000,4000000,99.550781,2000000,4000000
2022-Dec-22 19:02:47.031,91282CFX4,99.542969,1000000,2000000,99.550781,1000000,2000000
2022-Dec-22 19:02:47.084,91282CFX4,99.542969,2000000,4000000,99.558594,2000000,4000000
2022-Dec-22 19:02:47.137,91282CFX4,99.550781,1000000,2000000,99.558594,1000000,2000000
2022-Dec-22 19:02:47.189,91282CFX4,99.550781,2000000,4000000,99.566406,2000000,4000000
2022-Dec-22 19:02:47.241,91282CFX4,99.558594,1000000,2000000,99.566406,1000000,2000000
2022-Dec-22 19:02:47.295,91282CFX4,99.558594,2000000,4000000,99.574219,2000000,4000000
2022-Dec-22 19:02:47.348,91282CFX4,99.566406,1000000,2000000,99.574219,1000000,2000000
2022-Dec-22 19:02:47.400,91282CFX4,99.566406,2000000,4000000,99.582031,2000000,4000000
2022-Dec-22 19:02:47.451,91282CFX4,99.574219,1000000,2000000,99.582031,1000000,2000000
2022-Dec-22 19:02:47.501,91282CFX4,99.574219,2000000,4000000,99.589844,2000000,4000000
2022-Dec-22 19:02:47.555,91282CFX4,99.582031,1000000,2000000,99.589844,1000000,2000000
2022-Dec-22 19:02:47.608,91282CFX4,99.582031,2000000,4000000,99.597656,2000000,4000000
2022-Dec-22 19:02:47.662,91282CFX4,99.589844,1000000,2000000,99.597656,1000000,2000000
2022-Dec-22 19:02:47.713,91282CFX4,99.589844,2000000,4000000,99.605469,2000000,4000000
2022-Dec-22 19:02:47.767,91282CFX4,99.597656,1000000,2000000,99.605469,1000000,2000000
2022-Dec-22 19:02:47.821,91282CFX4,99.597656,2000000,4000000,99.613281,2000000,4000000
2022-Dec-22 19:02:47.874,91282CFX4,99.605469,1000000,2000000,99.613281,1000000,2000000
2022-Dec-22 19:02:47.926,91282CFX4,99.605469,2000000,4000000,99.621094,2000000,4000000
2022-Dec-22 19:02:47.978,91282CFX4,99.613281,1000000,2000000,99.621094,1000000,2000000
2022-Dec-22 19:02:48.031,91282CFX4,99.613281,2000000,4000000,99.628906,2000000,4000000
2022-Dec-22 19:02:48.083,91282CFX4,99.621094,1000000,2000000,99.628906,1000000,2000000
2022-Dec-22 19:02:48.137,91282CFX4,99.621094,2000000,4000000,99.636719,2000000,4000000
2022-Dec-22 19:02:48.193,91282CFX4,99.628906,1000000,2000000,99.636719,1000000,2000000
2022-Dec-22 19:02:48.241,91282CFX4,99.628906,2000000,4000000,99.644531,2000000,4000000
2022-Dec-22 19:02:48.295,91282CFX4,99.636719,1000000,2000000,99.644531,1000000,2000000
2022-Dec-22 19:02:48.347,91282CFX4,99.636719,2000000,4000000,99.652344,2000000,4000000
2022-Dec-22 19:02:48.400,91282CFX4,99.644531,1000000,2000000,99.652344,1000000,2000000
2022-Dec-22 19:02:48.453,91282CFX4,99.644531,2000000,4000000,99.660156,2000000,4000000
2022-Dec-22 19:02:48.508,91282CFX4,99.652344,1000000,2000000,99.660156,1000000,2000000
2022-Dec-22 19:02:48.562,91282CFX4,99.652344,2000000,4000000,99.667969,2000000,4000000
2022-Dec-22 19:02:48.615,91282CFX4,99.660156,1000000,2000000,99.667969,1000000,2000000
2022-Dec-22 19:02:48.668,91282CFX4,99.660156,2000000,4000000,99.675781,2000000,4000000
2022-Dec-22 19:02:48.722,91282CFX4,99.667969,1000000,2000000,99.675781,1000000,2000000
2022-Dec-22 19:02:48.775,91282CFX4,99.667969,2000000,4000000,99.683594,2000000,4000000
2022-Dec-22 19:02:48.828,91282CFX4,99.675781,1000000,2000000,99.683594,1000000,2000000
2022-Dec-22 19:02:48.884,91282CFX4,99.675781,2000000,4000000,99.691406,2000000,4000000
2022-Dec-22 19:02:48.935,91282CFX4,99.683594,1000000,2000000,99.691406,1000000,2000000
2022-Dec-22 19:02:48.988,91282CFX4,99.683594,2000000,4000000,99.699219,2000000,4000000
2022-Dec-22 19:02:49.042,91282CFX4,99.691406,1000000,2000000,99.699219,1000000,2000000
2022-Dec-22 19:02:49.095,91282CFX4,99.691406,2000000,4000000,99.707031,2000000,4000000
2022-Dec-22 19:02:49.150,91282CFX4,99.699219,1000000,2000000,99.707031,1000000,2000000
2022-Dec-22 19:02:49.204,91282CFX4,99.699219,2000000,4000000,99.714844,2000000,4000000
2022-Dec-22 19:02:49.258,91282CFX4,99.707031,1000000,2000000,99.714844,1000000,2000000
2022-Dec-22 19:02:49.312,91282CFX4,99.707031,2000000,4000000,99.722656,2000000,4000000
2022-Dec-22 19:02:49.364,91282CFX4,99.714844,1000000,2000000,99.722656,1000000,2000000
2022-Dec-22 19:02:49.416,91282CFX4,99.714844,2000000,4000000,99.730469,2000000,4000000
2022-Dec-22 19:02:49.470,91282CFX4,99.722656,1000000,2000000,99.730469,1000000,2000000
2022-Dec-22 19:02:49.525,91282CFX4,99.722656,2000000,4000000,99.738281,2000000,4000000
2022-Dec-22 19:02:49.580,91282CFX4,99.730469,1000000,2000000,99.738281,1000000,2000000
2022-Dec-22 19:02:49.634,91282CFX4,99.730469,2000000,4000000,99.746094,2000000,4000000
2022-Dec-22 19:02:49.687,91282CFX4,99.738281,1000000,2000000,99.746094,1000000,2000000
2022-Dec-22 19:02:49.741,91282CFX4,99.738281,2000000,4000000,99.753906,2000000,4000000
2022-Dec-22 19:02:49.796,91282CFX4,99.746094,1000000,2000000,99.753906,1000000,2000000
2022-Dec-22 19:02:49.850,91282CFX4,99.746094,2000000,4000000,99.761719,2000000,4000000
2022-Dec-22 19:02:49.902,91282CFX4,99.753906,1000000,2000000,99.761719,1000000,2000000
2022-Dec-22 19:02:49.954,91282CFX4,99.753906,2000000,4000000,99.769531,2000000,4000000
2022-Dec-22 19:02:50.008,91282CFX4,99.761719,1000000,2000000,99.769531,1000000,2000000
2022-Dec-22 19:02:50.062,91282CFX4,99.761719,2000000,4000000,99.777344,2000000,4000000
2022-Dec-22 19:02:50.113,91282CFX4,99.769531,1000000,2000000,99.777344,1000000,2000000
2022-Dec-22 19:02:50.164,91282CFX4,99.769531,2000000,4000000,99.785156,2000000,4000000
2022-Dec-22 19:02:50.218,91282CFX4,99.777344,1000000,2000000,99.785156,1000000,2000000
2022-Dec-22 19:02:50.270,91282CFX4,99.777344,2000000,4000000,99.792969,2000000,4000000
2022-Dec-22 19:02:50.325,91282CFX4,99.785156,1000000,2000000,99.792969,1000000,2000000
2022-Dec-22 19:02:50.378,91282CFX4,99.785156,2000000,4000000,99.800781,2000000,4000000
2022-Dec-22 19:02:50.431,91282CFX4,99.792969,1000000,2000000,99.800781,1000000,2000000
2022-Dec-22 19:02:50.486,91282CFX4,99.792969,2000000,4000000,99.808594,2000000,4000000
2022-Dec-22 19:02:50.537,91282CFX4,99.800781,1000000,2000000,99.808594,1000000,2000000
2022-Dec-22 19:02:50.591,91282CFX4,99.800781,2000000,4000000,99.816406,2000000,4000000
2022-Dec-22 19:02:50.645,91282CFX4,99.808594,1000000,2000000,99.816406,1000000,2000000
2022-Dec-22 19:02:50.697,91282CFX4,99.808594,2000000,4000000,99.824219,2000000,4000000
2022-Dec-22 19:02:50.750,91282CFX4,99.816406,1000000,2000000,99.824219,1000000,2000000
2022-Dec-22 19:02:50.801,91282CFX4,99.816406,2000000,4000000,99.832031,2000000,4000000
2022-Dec-22 19:02:50.853,91282CFX4,99.824219,1000000,2000000,99.832031,1000000,2000000
2022-Dec-22 19:02:50.908,91282CFX4,99.824219,2000000,4000000,99.839844,2000000,4000000
2022-Dec-22 19:02:50.962,91282CFX4,99.832031,1000000,2000000,99.839844,1000000,2000000
2022-Dec-22 19:02:51.017,91282CFX4,99.832031,2000000,4000000,99.847656,2000000,4000000
2022-Dec-22 19:02:51.072,91282CFX4,99.839844,1000000,2000000,99.847656,1000000,2000000
2022-Dec-22 19:02:51.125,91282CFX4,99.839844,2000000,4000000,99.855469,2000000,4000000
2022-Dec-22 19:02:51.180,91282CFX4,99.847656,1000000,2000000,99.855469,1000000,2000000
2022-Dec-22 19:02:51.233,91282CFX4,99.847656,2000000,4000000,99.863281,2000000,4000000
2022-Dec-22 19:02:51.287,91282CFX4,99.855469,1000000,2000000,99.863281,1000000,2000000
2022-Dec-22 19:02:51.341,91282CFX4,99.855469,2000000,4000000,99.871094,2000000,4000000
2022-Dec-22 19:02:51.395,91282CFX4,99.863281,1000000,2000000,99.871094,1000000,2000000
2022-Dec-22 19:02:51.447,91282CFX4,99.863281,2000000,4000000,99.878906,2000000,4000000
